2992 4726
717 235 758 310 111

76 487 78 490 ’
161 462 193 532 V
219 468 290 549 102,
316 462 353 549 1;
384 460 627 550 1111111720,
656 461 937 531 4111001Μο0.
968 475 1115 544 eooitoto,
1145 467 1328 534 secundum

164 594 239 636 eum
261 571 522 657 Wesenbergius
551 571 638 635 hano
665 571 841 636 lectionem
870 569 1067 656 assumpsit,
1096 569 1154 634 sed
1184 569 1327 638 Orellius

164 686 313 740 ostricoto
336 675 518 740 seeundum
540 674 686 740 Bosium.

254 816 444 903 Suspiritus.
499 813 771 895 Substantivum,
809 811 898 897 quod
931 833 982 896 ap.
1018 811 1126 876 Plaut.
1161 819 1194 877 et
1224 816 1324 901 Apul.

64 920 67 925 ’
164 919 309 983 maxime
330 919 366 982 in
388 941 452 982 usu
474 923 560 1000 erat,
583 938 650 981 uno
672 916 744 999 1000
768 939 819 1003 ap.
844 915 910 979 010.
933 915 1056 1001 legitur
1077 917 1148 979 Att.
1171 916 1189 980 I
1214 918 1268 1000 18,
1290 920 1325 982 3:

164 1026 249 1106 quem
271 1044 358 1085 nomo
378 1035 502 1109 practer
525 1044 582 1086 nos
601 1021 801 1107 philosophos
823 1030 961 1105 aspicere
977 1030 1042 1084 siric
1060 1030 1204 1106 suspiritu
1216 1036 1325 1107 posset.

246 1161 507 1245 Incommooitas,
532 1159 617 1224 ean.
641 1158 892 1241 incommoda,
907 1158 955 1222 11.
978 1134 1190 1223 mamona.
1235 1159 1328 1224 roem

160 1263 327 1347 significat
349 1265 438 1349 quod
453 1263 699 1330 incommodum
717 1263 847 1349 saepius
870 1284 921 1348 ap.
937 1262 1045 1325 Plaut.
1069 1269 1103 1325 et
1119 1263 1202 1346 Ten,
1227 1265 1329 1329 semel

160 1389 211 1453 ap.
233 1367 303 1464 Ι010.
327 1369 398 1433 Α11.
421 1368 439 1432 Ι
462 1369 511 1451 17,
531 1369 564 1431 7:
588 1379 619 1432 io
642 1378 700 1432 isto
721 1367 963 1430 incommoditate
985 1368 1106 1431 olicnoti
1128 1370 1211 1431 illios
1234 1379 1328 1432 ooimi

160 1483 188 1534 ct
209 1472 316 1555 offensi
338 1472 419 1536 illud
441 1482 519 1536 inest
540 1484 636 1536 tomen
664 1472 827 1550 commodi,·
849 1470 950 1533 semel
970 1491 1022 1556 ap.
1042 1469 1117 1533 Liv.
1141 1471 1192 1553 10,
1218 1472 1269 1554 11,
1293 1473 1326 1536 3:

159 1577 397 1639 incommoditate
432 1585 580 1660 temporis.
637 1575 690 1638 Ex
725 1575 771 1638 eis
806 1596 890 1657 quae
924 1573 993 1637 dixi
1025 1574 1226 1638 intellexeris
1259 1597 1328 1639 non

158 1678 256 1762 plane
278 1684 405 1743 rectum
435 1700 522 1760 esse,
551 1680 640 1762 quod
661 1679 771 1743 Krebs
798 1679 833 1742 in
855 1677 969 1742 Antib.
994 1701 1018 1741 0.
1042 1701 1073 1743 v.
1097 1681 1326 1744 incommodatio

161 1774 314 1867 exposuit
333 1803 401 1845 non
417 1789 611 1848 cunctanter
625 1784 851 1847 incommoditos
867 1782 991 1846 assumi
1011 1805 1108 1868 posse
1130 1805 1190 1870 pro
1205 1794 1326 1848 incom-

158 1886 286 1965 modum,
302 1888 449 1963 molestia,
467 1887 639 1971 difficultas.
680 1885 932 1950 Ciceronianum
950 1888 1156 1972 ,incommodo
1171 1889 1324 1953 oolctodo“

162 1988 266 2069 (velut
286 1989 357 2052 Α11.
375 1989 407 2053 V
428 1991 459 2071 8,
485 1992 515 2067 1)
537 1990 774 2076 posterioribus
792 1989 996 2076 temporibus
1012 1990 1127 2055 eodem
1148 1992 1206 2055 illo
1229 2013 1326 2056 voca·
1405 2015 1413 2030 ·

160 2092 237 2156 bulo
266 2091 413 2157 effictum
442 2116 513 2158 esse
541 2095 619 2158 vide
649 2117 699 2180 ap.
723 2093 891 2175 Woelffl,
922 2093 994 2161 iiber
1025 2094 1070 2161 bie
1097 2095 1243 2164 sotinitit
1273 2097 1325 2164 oea

161 2196 335 2279 dictionem
359 2197 479 2282 00111110
503 2198 599 2282 iiiiii,
620 2220 652 2283 p.
676 2198 749 2261 392.

246 2337 421 2420 Colluvies,
450 2336 492 2400 It.
523 2334 673 2398 colluvie.
720 2335 832 2399 010010
861 2335 1061 2400 vocabulum
1087 2335 1124 2398 in
1154 2345 1184 2400 io
1213 2336 1323 2399 exiens

159 2439 333 2526 usurpavit
364 2440 446 2521 (har.
478 2462 562 2526 resp.
585 2438 645 2520 bb,
677 2436 761 2502 Sest.
795 2439 855 2521 15,
884 2438 959 2503 Vat.
989 2440 1060 2523 23),
1091 2440 1180 2524 quod
1209 2441 1325 2505 Livius

161 2564 307 2628 quoque,
331 2542 439 2626 01111,
473 2543 563 2607 Suet.
587 2543 829 2628 praetulerunt,
860 2543 972 2628 itaque
1002 2544 1147 2630 positum
1177 2544 1220 2609 sit
1248 2545 1326 2609 sub-

161 2648 344 2711 stantivum
365 2649 400 2712 in
423 2659 466 2713 ies
489 2648 659 2730 desinens,
688 2669 753 2731 quo
777 2647 910 2711 Atticus
941 2668 1021 2710 usus
1051 2653 1102 2711 est
1128 2648 1164 2710 in
1186 2669 1258 2734 epp.
1283 2648 1327 2712 ad

159 2750 231 2815 Au.
253 2752 307 2815 IX
332 2752 386 2835 10,
411 2756 445 2817 7;
476 2764 508 2817 iri
538 2774 574 2816 eo
605 2773 678 2838 quoe
696 2761 881 2838 perspicitur
901 2751 1007 2837 sutoro
1035 2752 1160 2815 colluvie
1188 2775 1326 2837 reprom,

159 2877 227 2919 non
248 2854 351 2920 fuisse
372 2854 558 2942 probatum.
604 2854 701 2931 Quod
724 2855 968 2919 demonstratur
990 2859 1023 2917 et
1043 2876 1091 2937 eo,
1115 2854 1204 2938 quod
1219 2854 1327 2919 Taciti

160 2959 294 3024 demum
315 2965 348 3022 et
363 2958 489 3022 Justini
511 2958 714 3045 temporibus
729 2960 765 3022 in
787 2981 851 3023 usu
873 2963 952 3041 erat,
976 2965 1008 3022 et
1028 2959 1225 3045 comparatis
1248 2958 1325 3023 sub-

161 3063 314 3128 stantivis
336 3065 441 3127 eluviei
471 3068 504 3126 et
525 3066 688 3144 eleemonis,
720 3063 883 3148 equibus
904 3063 1018 3128 010010
1048 3063 1112 3128 hoc
1140 3062 1324 3148 usurpavit,

159 3168 243 3232 illud
272 3174 403 3252 praeter
432 3189 536 3231 unum
561 3168 686 3251 locum,
717 3189 782 3252 quo
812 3168 885 3254 ipsa
913 3168 1104 3232 allitteratio
1135 3167 1194 3245 „od
1223 3168 1324 3232 labem

160 3285 246 3358 atquc
264 3274 413 3337 clooiom“
434 3271 578 3358 priscum
600 3276 634 3334 et
648 3272 820 3357 vulgarem
836 3293 1020 3336 sermonem
1035 3271 1221 3357 significare
1242 3268 1324 3333 mihi

61 3444 64 3453 ,
161 3376 294 3441 videtur
317 3373 547 3459 (1101101153),
569 3374 767 3460 repudiavit.
801 3376 913 3439 Etiam
935 3374 1181 3440 substantivum
1203 3377 1324 3452 illuviei,

161 3481 250 3564 quod
266 3502 363 3567 saepe
386 3499 437 3564 ap.
453 3477 574 3560 Lucil,
598 3479 732 3562 Pacuv,
755 3479 872 3562 Plaut,
897 3480 984 3563 Tae,
1009 3479 1110 3562 01111,
1132 3479 1220 3543 Just.
1243 3477 1324 3562 legi-

161 3605 251 3666 mus,
283 3583 396 3648 010010
426 3582 562 3668 respuit.
607 3582 684 3647 Jam
714 3605 793 3648 vero
824 3583 1008 3648 monuerim
1029 3581 1237 3663 Ennodium,
1268 3580 1325 3664 qui

161 3686 234 3752 aliis
271 3688 353 3752 10010
384 3685 576 3751 verbalibus
607 3686 643 3750 in
672 3697 703 3753 io
733 3685 930 3751 exeuntibus
968 3685 1175 3773 indulgeret,
1214 3689 1326 3748 tamen

160 3793 270 3856 eluvies
291 3814 323 3878 p.
347 3790 399 3873 36,
423 3790 444 3852 9
465 3788 509 3852 Η.
556 3789 675 3875 (Vogel
696 3796 811 3855 eontra
832 3790 983 3855 codicum
1005 3790 1232 3855 auctoritatem
1253 3789 1325 3853 illu-

161 3897 233 3978 11100)
263 3901 296 3959 01
317 3897 431 3961 illuvies
454 3916 486 3981 p.
509 3893 591 3975 365,
622 3894 663 3957 14
683 3894 726 3958 Η.
750 3895 935 3981 scripsisse,
966 3892 1025 3957 sed
1050 3896 1144 3959 clooio
1168 3896 1201 3956 et
1221 3893 1325 3956 illuvio

103 4071 105 4076 ,
161 3998 327 4062 vitavisse.
365 3997 515 4079 Accedit,
532 3995 622 4081 quod
634 3998 880 4062 substantivum
893 4000 1017 4063 colluvie
1030 3998 1065 4063 in
1077 3998 1195 4062 Italica
1209 3995 1325 4080 lingua

163 4102 352 4165 etiamnunc
374 4101 477 4186 viget.
523 4099 615 4176 Quae
630 4101 739 4166 omnia
762 4103 788 4165 si
804 4102 994 4188 respexeris
1017 4102 1083 4166 iam
1097 4124 1166 4166 non
1183 4099 1324 4184 dubites,

165 4207 248 4292 quin
269 4204 393 4271 formae
414 4206 451 4269 in
472 4214 516 4269 ies
538 4203 725 4270 desinentes
746 4206 856 4270 minus
878 4205 1045 4291 elegantes
1067 4205 1201 4271 fuerint.
1319 4240 1322 4249 ·
