2992 4726
610 207 613 211 ,
667 253 832 355 Α,

164 483 284 567 10,1,
310 483 366 564 15,
391 483 425 544 3:
449 481 563 566 Aesopi
588 482 670 563 filius
698 503 746 545 ute
774 492 939 550 eecruoiot.
983 484 1208 564 Discruoiarc,
1239 480 1333 567 quod

163 589 276 652 Cicero
299 586 335 649 in
356 590 453 649 oratt.
476 584 527 648 bis
549 584 678 670 posuit,
710 585 746 649 in
777 587 924 650 oratione
952 585 1061 672 priore
1084 586 1122 663 Q.
1145 586 1244 649 Bosc.
1270 585 1331 649 31:

162 692 243 780 quod
264 702 329 778 ipse
344 691 479 753 celer-tter
494 699 633 774 arripuit,
654 690 687 753 id
701 711 764 754 cum
785 691 868 754 tarde
881 700 999 776 percipi
1013 691 1097 772 ridet,
1121 692 1334 769 discrucietur,

162 802 195 860 61
212 797 249 859 in
263 793 349 859 Phil.
366 790 455 854 XIII
477 791 528 873 37,
552 790 610 856 ubi
624 791 764 857 verbum
782 794 825 856 ad
850 793 995 857 dolorem
1017 793 1161 881 corporis
1176 791 1334 875 refertur,

161 900 197 964 in
220 920 294 985 epp.
317 895 360 960 ad
382 897 452 959 Ati.
476 895 598 979 legitur
619 896 706 962 XIV
728 897 758 979 6,
782 896 816 960 l:
841 897 1010 961 discrucior
1027 900 1133 962 Sectili
1153 896 1289 980 fundura
1314 919 1334 960 o

160 1004 325 1068 uerberoue
348 1002 472 1064 Curtilio
490 1001 664 1086 possideri,
686 1000 775 1064 (lael.
797 1000 833 1063 in
855 1022 929 1087 epp.
953 1001 1037 1066 VIH
1059 1003 1089 1082 3,
1113 1003 1147 1065 1:
1170 1023 1252 1065 ouuc
1276 1023 1335 1066 co-

162 1109 231 1172 tidie
252 1128 314 1170 ooo
336 1127 400 1168 esse
423 1117 456 1181 te,
480 1105 521 1167 od
535 1126 616 1189 quem
637 1114 784 1181 cursitem,
808 1104 985 1169 discrucior.
1025 1104 1136 1191 ,Saepe
1151 1127 1203 1191 ap.
1218 1104 1334 1168 Plaut.

162 1213 332 1275 discrucior
359 1217 466 1285 miser,
496 1208 590 1270 velut
618 1206 707 1272 Trin.
742 1208 820 1288 103,
850 1207 972 1272 Bacch.
1002 1209 1084 1290 435,
1114 1210 1215 1273 Poen.
1248 1209 1333 1292 368,

162 1315 329 1378 discrucior
351 1321 463 1387 ouirui,
485 1309 562 1374 Aul.
588 1310 659 1374 105.
710 1312 823 1376 Etiam
852 1311 941 1396 apud
966 1311 1112 1376 Ennod.:
1144 1337 1237 1400 super
1260 1325 1335 1401 opi-

160 1429 286 1484 oioooru
299 1425 440 1480 eurietote
456 1416 623 1479 discrucior
640 1415 710 1497 117,
737 1415 776 1478 17
792 1417 844 1497 Η,
865 1417 978 1500 furore
996 1439 1141 1482 succensu
1156 1419 1336 1484 discrucior

160 1523 234 1603 506,
257 1521 280 1583 8
301 1521 345 1582 H.
392 1519 519 1596 Quodsi
541 1519 744 1603 quaerimus,
777 1540 841 1602 quo
863 1519 964 1583 verbo
989 1518 1103 1583 Cicero
1124 1521 1161 1585 in
1184 1522 1336 1608 eleganti

64 1703 66 1711 ¹
161 1646 326 1705 sermone,
350 1628 387 1686 ut
410 1623 512 1687 animi
532 1627 697 1687 tormenta
721 1623 936 1709 exprimeret,
959 1644 1040 1686 usus
1063 1623 1116 1705 sit,
1138 1625 1334 1690 invenimus

162 1753 238 1797 eum
259 1729 432 1816 torquendi
461 1726 563 1792 verbo
586 1747 684 1789 usum
709 1748 796 1809 esse,
829 1725 869 1791 of.
899 1727 976 1791 Piso
1007 1726 1062 1788 90:
1095 1749 1204 1792 eurum
1234 1751 1334 1794 coro-

160 1844 294 1911 narium,
321 1833 403 1918 quool
435 1844 461 1895 te
489 1832 654 1894 diutissime
684 1841 778 1895 torsit.
824 1831 1033 1895 Comicorum
1053 1831 1138 1895 illud
1161 1834 1336 1898 discrucior

160 1948 254 2002 uoiser
275 1933 473 1999 transfertur
494 1935 530 1998 in
551 1934 753 1999 locutionem
775 1946 916 2022 torqueor
942 1936 1056 2018 infolio
1077 1936 1149 1999 Att.
1171 1936 1226 1999 IX
1252 1937 1332 2020 121,
1407 1997 1409 2002 .

162 2043 195 2124 1,
220 2043 256 2122 3,
290 2050 384 2104 ruiser
406 2050 576 2125 torquetur,
606 2027 754 2101 Atth
783 2039 839 2121 13,
868 2039 899 2101 8.
943 2038 1043 2103 Balbi
1069 2039 1153 2103 illud
1180 2039 1253 2104 Att.
1276 2041 1334 2105 IX

163 2147 203 2208 13
232 2144 280 2226 A,
310 2144 348 2206 2;
378 2151 601 2227 eespectotiooe
628 2152 750 2205 cruuor
782 2163 802 2206 1
834 2142 992 2207 Cicerone
1019 2141 1190 2228 effingitur
1215 2145 1332 2210 verbis

161 2257 383 2334 euspectotiooe
406 2259 564 2332 torqueor,
586 2243 658 2309 Att.
681 2245 766 2310 VIII
790 2246 846 2328 14,
870 2248 904 2327 1,
932 2248 1333 2334 cupetur-euspectutione,

160 2353 213 2416 IX
238 2353 273 2432 1,
308 2352 334 2413 1.
379 2350 533 2435 Augetur
554 2349 606 2413 vis
627 2350 721 2414 verbi
747 2355 870 2436 mirifice
891 2350 945 2413 vel
966 2359 1059 2414 uirus
1082 2351 1234 2436 apposito
1257 2353 1333 2418 Ati.

161 2455 229 2519 XV
251 2455 308 2518 23;
332 2456 455 2536 mirifice
477 2466 635 2540 torqueor,·
658 2454 724 2518 VII
746 2455 804 2537 21,
828 2455 863 2517 3:
892 2463 967 2517 miro
989 2474 1038 2516 rue
1059 2452 1181 2538 oiaopc‘ot
1204 2466 1333 2543 torquet.

161 2559 238 2623 Alia
271 2557 420 2643 exempla
453 2556 529 2621 vide
556 2559 592 2622 in
622 2580 696 2646 epp.
725 2557 768 2622 ad
796 2549 866 2621 Ait.
892 2548 959 2621 VII
988 2556 1025 2638 9,
1054 2556 1091 2638 4,
1121 2558 1175 2621 IX
1206 2559 1263 2642 10,
1294 2560 1331 2643 2,

161 2664 197 2727 X
217 2663 267 2744 15,
291 2663 329 2743 2,
354 2661 440 2725 XIV
461 2662 510 2742 13,
534 2662 564 2725 5.
609 2662 824 2747 Participium
849 2661 1090 2747 ,exanimatus
1114 2661 1150 2725 in
1168 2683 1218 2747 ep.
1238 2662 1334 2727 (laeli

54 2792 55 2799 ¹
161 2767 204 2830 ad
220 2766 286 2830 Oic.
312 2766 395 2848 (Att.
412 2766 448 2829 X
464 2765 537 2847 9Α,
557 2765 586 2847 1)
608 2765 707 2851 plane
729 2773 779 2829 est
801 2765 1013 2850 desumptum
1034 2787 1053 2828 6
1075 2786 1224 2829 sermone
1248 2767 1332 2831 coti-

161 2871 271 2953 dian0,
295 2869 335 2935 ci.
358 2871 454 2934 Paut.
477 2868 597 2933 Pseud.
622 2868 655 2950 7,
678 2868 801 2932 Bacch.
822 2869 902 2951 298,
926 2869 1003 2933 Aul.
1027 2870 1107 2952 208,
1131 2869 1340 2955 1111111572,

160 2974 254 3039 Asin.
278 2974 358 3056 265,
382 2975 482 3038 Mero.
506 2974 584 3055 220,
613 2972 685 3035 Τ61.
707 2971 813 3038 Andr.
838 2971 914 3055 131,
939 2973 1020 3037 Hec.
1044 2973 1124 3055 364,
1147 2973 1228 3056 825,
1253 2996 1332 3040 oum

160 3092 240 3142 ruetu
271 3077 486 3142 coniunctum
513 3075 594 3140 ibid.
625 3076 704 3157 251,
740 3075 873 3141 Phorm.
904 3076 977 3140 564.
1039 3075 1198 3140 Conferas
1228 3078 1332 3144 etiam

160 3181 231 3247 Att.
254 3183 290 3244 X
312 3182 349 3264 9,
381 3181 416 3244 1:
447 3182 587 3245 odoeotus
619 3181 768 3244 Philotimi
798 3191 985 3245 euouiruooit
1012 3203 1130 3259 omnes·
1151 3181 1205 3244 XI
1227 3181 1267 3265 6,
1291 3185 1329 3247 4;

165 3288 277 3352 Tulliue
306 3310 387 3351 mooe
408 3288 528 3350 morbus
550 3295 578 3348 et
603 3284 784 3348 imbecillitas
812 3295 954 3370 corporis
982 3307 1031 3376 rue
1051 3295 1224 3363 eeuoiruot,·
1244 3286 1329 3351 Hor.

161 3390 230 3454 Sat.
254 3390 320 3471 14,
347 3391 424 3454 126;
448 3400 573 3453 oicioum
592 3388 686 3473 furius
709 3409 817 3473 oepros
836 3399 1006 3464 eructaret·
1028 3390 1114 3475 Epp.
1136 3388 1172 3452 H
1194 3389 1224 3472 1,
1249 3389 1328 3454 178:

161 3518 245 3586 quero
261 3497 326 3559 tulit
340 3495 382 3557 ud
397 3514 537 3557 scoeooru
550 3495 662 3578 plorio,
679 3502 832 3556 euouimot
845 3493 938 3557 leotm
954 3506 1112 3580 spectator.
1155 3493 1330 3560 Postremo

161 3597 261 3662 effero
277 3598 459 3687 pertulero,
474 3597 562 3681 quod
575 3596 742 3681 significat
755 3617 877 3682 magno
894 3596 1007 3661 dolore
1022 3596 1170 3662 afficere:
1186 3597 1257 3661 Ati.
1274 3598 1331 3664 HI

103 3725 105 3730 ·
162 3702 217 3784 12,
240 3702 277 3765 2;
302 3711 479 3788 percussisti
501 3723 550 3765 rue
572 3702 611 3765 ole
635 3711 771 3765 oratioue
789 3702 929 3787 prolatu·
950 3701 1000 3766 IV
1022 3700 1094 3784 81),
1117 3702 1154 3764 3;
1174 3713 1332 3786 percussit

162 3816 303 3880 orimum·
318 3805 360 3868 cf.
373 3804 528 3891 Spengel,
545 3803 617 3868 Ter.
631 3803 736 3867 Andr.
750 3804 823 3886 125,
840 3804 978 3886 LorenZ,
993 3804 1102 3869 Plaut.
1114 3804 1234 3869 Pseud.
1249 3806 1329 3872 455.

246 3912 354 3978 Verba
376 3931 416 3977 cx
438 3911 586 3998 opificum
608 3910 773 3977 industria
794 3909 958 3976 translato
983 3930 1051 3973 non
1080 3931 1153 3973 raro
1180 3909 1216 3973 in
1245 3911 1329 3976 coti-

162 4014 259 4078 diano
289 4034 438 4077 sermone
469 4013 611 4076 inveniri
641 4014 762 4076 mirum
790 4032 858 4076 non
885 4012 1070 4096 videbitur,
1100 4014 1129 4077 si
1151 4013 1225 4097 quis
1248 4036 1329 4080 oon-

161 4117 355 4180 sideraverit
377 4117 502 4201 figuras
525 4123 558 4179 61
579 4115 811 4180 translationes
834 4115 915 4179 alias
938 4139 1009 4181 esse
1031 4116 1220 4201 invulgati,
1245 4117 1329 4184 alias

160 4221 196 4286 in
218 4221 345 4300 urbano
369 4241 527 4286 sermone.
1058 4231 1061 4237 '
