2992 4726
184 1435 350 1521 Proximis
374 1456 469 1521 annis
492 1455 582 1521 docti
608 1455 695 1518 inter
724 1477 759 1519 se
781 1459 1071 1538 concertaverunt,
1101 1461 1138 1520 ut
1160 1479 1259 1542 quae·

95 1560 266 1644 stionibus,
290 1583 374 1645 quae
389 1560 433 1624 ad
448 1559 598 1646 singulos
612 1559 839 1623 Romanorum
857 1558 1033 1645 scriptores
1049 1558 1258 1645 referrentur,

93 1664 187 1749 quasi
201 1663 418 1729 fundamenta
431 1664 587 1746 iacerent,
609 1662 645 1726 in
666 1663 787 1747 quibus
804 1670 891 1728 esset
912 1662 1020 1748 posita
1039 1663 1111 1750 ipsa
1129 1664 1259 1730 exaedi-

92 1767 202 1833 ficatio
220 1775 253 1832 et
268 1768 505 1853 grammaticae
520 1773 553 1830 et
567 1759 833 1853 lexicographiae
848 1767 999 1831 Latinae.
1037 1767 1079 1831 Id
1094 1775 1259 1834 certamen

93 1872 193 1936 etiam
208 1873 319 1936 studia
335 1872 503 1953 sermonis
527 1892 592 1955 quo
609 1869 723 1934 Cicero
745 1870 780 1934 in
797 1870 944 1956 epistolis
956 1893 1036 1935 usus
1053 1878 1114 1954 est,
1136 1894 1258 1958 magno

94 1997 191 2063 opere
227 1975 319 2040 auxit
353 1976 560 2059 multumque
591 1974 732 2039 contulit
765 1974 808 2038 ad
842 1973 876 2037 id
912 1973 1043 2039 dicendi
1074 1997 1180 2060 genus
1207 1976 1257 2040 in-

94 2079 309 2164 quirendum,
340 2078 429 2164 quod
461 2100 521 2165 per
541 2078 680 2164 longum
708 2078 863 2165 temporis
896 2078 1039 2165 spatium
1074 2080 1258 2146 neclectum

93 2183 231 2247 iacebat.
284 2183 396 2268 Atque
424 2183 466 2246 de
494 2183 552 2246 illa
581 2206 616 2247 re
645 2181 792 2248 omnium
820 2181 944 2268 optime
971 2183 1092 2246 meruit
1120 2184 1258 2249 Woelff-

92 2287 199 2369 linus,
231 2288 288 2371 qui
318 2293 352 2351 et
381 2287 452 2373 ipse
482 2284 564 2350 fines
594 2285 794 2372 cognitionis
832 2288 992 2351 sermonis
1021 2287 1134 2352 Latini
1164 2289 1258 2353 brevi

92 2397 240 2477 tempore
270 2391 391 2455 mirum
417 2396 579 2474 quantum
609 2389 770 2476 proferret
798 2394 832 2453 et
853 2389 934 2454 alios
964 2390 1006 2454 ad
1028 2391 1170 2456 eundem
1192 2415 1257 2477 quo

94 2495 165 2579 ipse
186 2493 343 2578 flagraret
364 2492 548 2558 studiorum
571 2493 721 2558 ardorem
743 2492 901 2556 excitaret
922 2501 1021 2580 atque
1043 2497 1186 2582 erigeret
1207 2498 1257 2561 in-

93 2597 209 2684 primis
237 2598 512 2663 commentatione
539 2599 596 2662 illa
617 2599 654 2662 in
675 2597 761 2662 Phil.
784 2597 943 2664 XXXIV
966 2599 1028 2663 137
1052 2623 1123 2686 sqq.
1148 2602 1256 2684 (1874)

93 2701 257 2784 instituta,
281 2721 346 2784 qua
368 2722 443 2765 cum
464 2723 648 2766 sermonem
663 2700 837 2786 vulgarem
851 2701 1053 2788 universum,
1077 2710 1150 2768 tum
1165 2705 1257 2770 Cice-

10 2820 13 2827 ·
93 2805 183 2869 ronis
212 2805 249 2868 in
280 2804 426 2891 epistolis
460 2829 565 2892 genus
599 2805 732 2871 dicendi
763 2805 1024 2871 luculentissime
1058 2806 1259 2873 describeret

52 2990 54 2994 μ
93 2915 306 2993 moneretque
327 2908 477 2992 nondum
503 2911 583 2975 satis
613 2910 790 2996 diligenter
817 2909 993 2994 indagatas
1015 2933 1088 2975 esse
1109 2912 1257 2999 singulas

10 3054 17 3071 .
94 3019 127 3077 et
150 3013 318 3078 Ciceronis
340 3012 445 3100 ipsius
468 3020 507 3077 et,
523 3014 680 3096 aliorum,
711 3014 769 3099 qui
798 3004 938 3078 adeum
961 3014 1169 3100 scripsissent
1190 3015 1258 3102 epi-

94 3118 205 3182 stolas.
248 3116 379 3181 Deinde
393 3139 462 3181 non
477 3115 662 3201 defuerunt,
687 3119 744 3202 qui
760 3119 858 3183 etiam
875 3119 975 3183 libros
991 3119 1257 3206 manuscriptos,

94 3221 213 3306 quibus
235 3221 312 3285 illae
335 3220 495 3308 epistolae
517 3220 559 3285 ad
581 3228 730 3290 nostram
752 3228 894 3286 aetatem
914 3228 1120 3305 manserunt,
1149 3222 1257 3288 denuo

95 3325 333 3417 studiosissime
347 3330 634 3410 perscrutarentur
654 3326 908 3410 invenirentque
929 3326 965 3390 in
986 3327 1109 3391 multos
1133 3348 1257 3392 errores

95 3451 164 3512 eos,
188 3430 246 3515 qui
267 3434 343 3492 ante
369 3428 405 3492 in
428 3429 475 3493 eis
499 3428 618 3494 studiis
640 3431 764 3494 versati
786 3435 913 3512 essent,
935 3428 1100 3493 incidisse.
1145 3431 1257 3499 Exsti-

95 3539 208 3596 terunt
234 3532 377 3617 denique
408 3533 482 3617 alii,
513 3533 588 3618 qui,
617 3539 777 3618 quantum
798 3539 950 3620 possent,
981 3533 1255 3620 pervestigarent,

94 3635 228 3722 quando
244 3658 394 3721 quaeque
415 3637 494 3702 data
509 3644 597 3702 esset
619 3638 765 3725 epistola.
811 3637 966 3723 Longum
982 3643 1033 3701 est
1047 3659 1161 3702 omnes
1177 3661 1257 3703 enu-

93 3764 229 3824 merare,
253 3741 310 3824 qui
330 3742 366 3805 in
388 3742 435 3806 eis
457 3764 539 3826 quas
556 3743 808 3808 commemoravi
826 3741 1074 3828 quaestionibus
1088 3742 1258 3808 navabant

94 3868 245 3934 operam:
278 3845 358 3909 satis
381 3847 425 3910 sit
446 3846 628 3932 legentium
657 3846 766 3911 studia
789 3846 832 3911 ad
853 3847 1163 3911 commentationem
1184 3870 1257 3935 per-

93 3953 242 4039 spicuam
264 3973 302 4015 ac
318 3950 497 4015 dilucidam
519 3951 642 4015 reicere
664 3950 816 4015 1011010
832 3949 1017 4015 Schirmero
1039 3954 1258 4040 conscriptam

95 4055 192 4138 (Phil.
214 4056 331 4139 XLV,
356 4056 384 4119 1.
410 4055 518 4139 18811),
543 4077 625 4140 qua,
655 4077 739 4139 quae
766 4056 845 4121 inde
872 4055 913 4119 ab
937 4077 1023 4120 anno
1048 4055 1131 4119 1829
1153 4077 1258 4142 usque

95 4158 138 4224 ad
166 4182 289 4226 annum
319 4159 404 4223 1885
442 4159 485 4223 ad
516 4160 729 4246 epistolarum
765 4159 990 4245 cognitionem
1020 4160 1207 4245 augendam
1237 4182 1257 4224 1

95 4259 200 4330 doctis
228 4263 349 4329 collata
377 4269 473 4346 sunt,
502 4263 550 4328 ita
579 4265 788 4352 explanavit,
817 4271 871 4349 ut,
904 4285 1044 4347 quorum
1070 4263 1196 4328 animos
1218 4284 1257 4328 ea

1122 4385 1154 4442 12
