2992 4726
734 260 756 333 9

671 355 826 364 .—-—.---

168 493 327 578 exegeris,
348 491 509 578 plurimas
522 511 626 557 vanas
643 495 677 554 et
691 490 825 555 inutiles
841 488 1036 554 resecandas
1052 511 1125 554 esse
1140 508 1329 573 cognosces.
1435 479 1436 484 ¹

169 595 265 674 Quod
296 597 344 660 sic
373 616 408 659 se
438 594 559 658 habere
588 594 730 658 maxime
758 595 795 659 in
823 594 946 659 Catulli
966 592 1168 658 Veronensis
1197 592 1282 656 libro
1312 613 1332 656 a

166 699 371 765 Baehrensio
394 698 500 781 edito,
530 698 565 762 in
595 720 693 783 quem
721 699 826 762 mulia
856 703 1013 783 congesta
1036 703 1130 779 suni,
1158 718 1242 780 quae
1265 716 1333 760 non

168 802 427 885 desideraveris,
458 803 645 888 nuperrime
674 800 786 866 docuit
817 803 927 885 Haas,
960 803 1012 867 Bl.
1042 801 1064 867 f.
1093 802 1125 866 d.
1148 802 1187 864 B.
1213 801 1253 866 G.
1276 800 1332 866 W.

167 906 276 970 XXII
298 905 378 983 562;
401 912 549 993 repetam
569 905 867 971 luculentissimum
889 907 1075 992 exemplum
1097 928 1115 970 6
1138 907 1208 971 Cat.
1233 925 1332 969 carm.

168 1010 228 1094 31,
264 1011 322 1092 14,
353 1009 410 1074 ubi
439 1010 537 1074 lectio
560 996 691 1074 'tradita
717 1010 843 1096 paudere
869 1034 922 1074 aas
950 1033 1065 1096 quaque
1097 1010 1216 1096 Lydiae
1248 1011 1334 1074 lacus

168 1116 270 1180 audac
291 1120 417 1179 rectam
434 1115 523 1180 viam
543 1120 715 1198 monstrat,
739 1137 814 1179 cum
829 1114 885 1178 alii
900 1113 994 1178 ahter
1009 1113 1217 1196 coniecerint,
1241 1114 1334 1178 velut

169 1218 300 1298 Libuac,
324 1219 435 1298 iudice,
459 1220 620 1305 limpidae,
644 1220 775 1296 lucidae,
800 1221 913 1296 laicae,
941 1228 1057 1283 iaciiae.
1101 1218 1178 1282 Mea
1200 1216 1334 1304 quidem

170 1321 332 1387 sententia
359 1345 412 1387 res
440 1323 541 1409 plana
572 1328 606 1386 et
633 1328 748 1409 aperta
777 1329 843 1387 esi:
877 1321 1030 1386 novimus
1052 1320 1162 1386 media
1184 1327 1291 1386 aetate
1314 1343 1334 1387 a

169 1425 312 1490 librariis
335 1425 500 1511 syllabam
527 1428 600 1507 quial
627 1427 674 1490 ita
701 1427 856 1514 scriptam
885 1448 975 1508 esse,
998 1430 1036 1488 ut
1063 1425 1192 1489 litterae
1216 1449 1233 1512 q
1256 1426 1334 1490 eid

170 1530 405 1615 colligarentur
418 1530 507 1617 parti
528 1528 676 1594 inferiori
696 1531 751 1597 vel
767 1530 927 1618 superiori
942 1530 1061 1593 liturae
1084 1529 1179 1614 signo
1202 1528 1334 1612 addito;

61 1665 65 1673 ·
170 1634 290 1720 quodsi
313 1634 348 1698 in
363 1633 526 1700 vocabulo
549 1637 712 1722 „liquidae‘f
735 1634 864 1721 syllaba
887 1634 991 1721 ,quid‘
1010 1639 1197 1719 pernetam
1213 1633 1335 1718 scripta

169 1744 248 1820 erat,
271 1737 344 1802 fieri
363 1739 482 1824 potuit,
505 1744 544 1802 ut
565 1739 663 1804 homo
678 1737 870 1826 imprudens
883 1738 1020 1801 alteram
1033 1736 1178 1801 litteram
1194 1735 1336 1802 deletam

169 1864 241 1907 esse
263 1840 417 1929 opinatus
439 1842 565 1927 legeret
585 1844 712 1925 ,lidae“;
736 1841 817 1928 quid
835 1842 940 1927 igitur
959 1840 1090 1922 mirum,
1113 1841 1151 1924 si,
1175 1863 1251 1906 cum
1271 1841 1335 1906 hoo

170 1945 334 2033 explicare
355 1967 424 2010 non
441 1951 561 2032 posset,
585 1948 708 2033 Lydiae
722 1952 860 2032 poneret
881 1967 940 2032 pro
955 1944 1064 2032 priore
1086 1946 1223 2032 liquidae,
1247 1946 1337 2031 quod

171 2050 379 2137 aptissimum
401 2071 473 2113 esse
494 2071 592 2115 nemo
614 2049 762 2136 negabit,
785 2049 843 2135 qui
865 2050 919 2114 vel
940 2047 1150 2114 mediocriter
1171 2051 1207 2114 in
1228 2051 1335 2137 poetis

170 2153 299 2218 Latinis
322 2158 474 2219 versatus
497 2159 563 2236 est,
588 2177 605 2218 e
629 2154 758 2220 Catullo
780 2154 853 2240 ipso
876 2154 976 2218 affero
999 2176 1026 2218 c.
1049 2153 1108 2236 64,
1131 2153 1165 2217 2;
1194 2155 1335 2220 dicuutur

171 2259 301 2338 liquidas
331 2261 463 2336 Neptuni
498 2281 588 2324 uause
624 2280 683 2345 per
718 2259 823 2323 undas
876 2259 995 2343 Itaque
1027 2258 1166 2322 restituo
1201 2280 1335 2323 versum

172 2363 313 2447 ,paudere
342 2385 395 2427 aas
426 2384 541 2448 quaque
570 2364 700 2450 liquidae
734 2366 817 2428 lacus
850 2364 970 2428 uudae“
1006 2362 1054 2448 ibi
1083 2362 1178 2431 ilaten
1208 2361 1334 2448 Quaen,

173 2465 261 2550 quod
283 2465 452 2552 epitheton
474 2466 645 2531 verissime
667 2467 854 2554 appositum
877 2473 945 2550 est,
969 2489 1044 2533 cum
1065 2467 1157 2532 lacus
1180 2466 1334 2531 Benacus

172 2567 369 2653 (hathalec),
398 2576 437 2634 ut
459 2570 580 2636 docent
601 2571 802 2658 geographi,
834 2572 933 2636 undis
961 2572 1187 2656 liquidissimis
1218 2571 1336 2636 ceteris

173 2677 327 2758 praestet.
391 2673 537 2740 Dissolvi
574 2682 685 2740 autem
725 2676 761 2740 in
802 2697 902 2741 versu
935 2676 1164 2763 Hipponacteo
1198 2675 1336 2760 longam

173 2775 336 2861 syllabam
363 2777 399 2841 in
427 2777 544 2844 breves
574 2803 643 2845 non
672 2785 742 2845 erat
770 2781 982 2861 inusitatum
1014 2778 1151 2844 61011.
1184 2780 1242 2862 22,
1277 2779 1334 2843 19:

173 2903 258 2968 queue
286 2904 348 2946 aaa
376 2892 408 2948 ia
438 2886 538 2970 aliqua
570 2908 604 2950 re
631 2886 736 2950 uidere
763 2885 939 2970 Suffenum,
969 2883 1021 2966 37,
1045 2883 1080 2947 5:
1110 2884 1288 2969 confutuere
1309 2896 1338 2950 ct

169 2998 280 3070 putare
309 2997 424 3052 ceteras
445 2989 565 3067 liram,-
595 2989 669 3072 69,3
692 2991 805 3055 uidistis
832 2999 899 3076 ipra
925 3011 1037 3075 rapere
1059 2988 1098 3052 ale
1124 3009 1200 3072 rapa
1224 3010 1335 3056 acuam.

258 3089 386 3154 Eadem
401 3090 589 3157 adhibenda
603 3093 686 3158 ratio
709 3099 759 3158 est
773 3092 816 3158 ad
835 3094 915 3158 ahos
931 3093 1118 3180 scriptores,
1141 3113 1220 3176 ergo
1237 3090 1336 3155 etiam

173 3192 216 3257 ad
239 3193 445 3260 Ciceronem:
467 3197 580 3281 itaque
602 3218 728 3262 errasse
757 3197 838 3262 mihi
866 3196 1022 3263 videntur
1045 3195 1166 3278 Orelli,
1197 3196 1336 3260 Wesen-

172 3296 265 3382 berg,
286 3297 342 3363 Fr.
359 3299 521 3385 Schmidt,
545 3323 621 3366 cum
643 3301 795 3366 lacunam
810 3301 880 3366 Ati.
904 3301 972 3366 XV
993 3302 1025 3384 8,
1049 3301 1069 3363 2
1086 3300 1217 3387 explere
1240 3319 1337 3364 cona-

173 3409 301 3468 rentur:
336 3405 502 3470 Graeceius
536 3406 576 3471 ad
607 3427 655 3470 ure
688 3416 811 3494 scripsit
843 3409 874 3473 0.
911 3407 1049 3470 Cassium
1088 3406 1145 3470 ribi
1177 3413 1338 3490 scripsisse

173 3507 307 3572 homiues
330 3520 524 3596 comparari,
557 3521 610 3601 qui¹
637 3521 749 3575 arruaii
775 3519 806 3574 ia
832 3511 1033 3575 Tusculanum
1061 3519 1258 3575 mitteremur.
1301 3509 1339 3574 Id

175 3611 288 3698 quidem
317 3616 387 3678 milui
415 3615 467 3654 ***
493 3616 662 3694 uidebatur,
692 3619 725 3678 et
748 3611 850 3678 Orchi
880 3612 1015 3698 quidem
1043 3612 1221 3699 negatione
1242 3612 1337 3692 baud,
1459 3609 1460 3615 '

175 3737 259 3801 quae
280 3717 414 3802 negatio
438 3741 458 3784 a
481 3718 639 3784 Cicerone
661 3718 799 3783 nonita
821 3738 918 3803 saepe
938 3739 1047 3802 neque
1074 3717 1110 3781 in
1132 3715 1337 3796 orationibus

174 3826 354 3907 usmpatur
375 3821 440 3886 nisi
463 3845 538 3887 cum
558 3833 622 3888 acia
644 3828 700 3887 aut
717 3822 816 3887 dubito
839 3821 1024 3905 coniuncta,
1047 3821 1084 3886 in
1107 3843 1180 3908 epp.
1204 3820 1247 3886 ad
1263 3820 1335 3886 Ati.

174 3925 276 3989 semel
299 3925 399 3990 etiam
429 3949 504 3992 cum
525 3925 628 3991 verbo
650 3926 789 4006 arnaudi,
816 3925 902 3990 XIV
925 3926 982 4009 12,
1005 3926 1044 4008 2,
1074 3924 1336 4010 Wesenbergius

174 4029 281 4114 magis
304 4051 438 4094 sensum
460 4051 560 4115 quam
581 4029 744 4094 rationem
767 4035 897 4095 secutus
920 4028 1032 4094 verbis
1054 4040 1107 4095 aia
1134 4031 1220 4115 fara·
1249 4028 1339 4113 quod

176 4140 287 4198 auiam
310 4133 522 4218 Sohmiiffius
554 4134 621 4221 gur
636 4133 731 4203 atita
751 4134 811 4224 aab
834 4133 1001 4220 britanna
1024 4133 1075 4202 her
1092 4133 1195 4219 brieio
1212 4132 1274 4202 (iic.
1299 4152 1339 4202 aa

176 4237 250 4321 titi,
267 4238 463 4326 aaronitae
476 4237 757 4326 dumnulialptogt.
776 4242 869 4321 1879,
885 4260 917 4325 p.
936 4241 988 4319 37,
1004 4238 1144 4305 verbum
1155 4236 1338 4304 mentiendi
