2992 4726
315 725 359 824 Ι.
392 708 466 825 Do
498 731 750 827 verborum
782 728 918 851 copie
949 734 997 829 61
1027 731 1226 831 (1616616.

603 952 634 1018 1.
662 950 938 1021 substantiva.

276 1113 397 1180 Letum.
442 1110 479 1174 Si
498 1111 614 1196 lexico,
638 1135 778 1198 quorum
793 1117 1055 1181 recentissimum
1071 1123 1121 1180 est
1138 1137 1157 1179 6
1172 1115 1353 1202 Georgesio

190 1214 311 1279 abhinc
338 1236 460 1302 paucos
489 1236 592 1280 66666
625 1218 801 1305 septimum
833 1220 977 1303 editum,
1008 1220 1229 1303 consulueris,
1256 1220 1354 1284 facile

190 1318 361 1384 adducaris
388 1319 587 1385 vocabulum
615 1322 674 1385 leti
696 1345 716 1387 a
739 1323 895 1388 Cicerone
924 1346 983 1412 pro
1006 1323 1215 1388 substantivo
1237 1324 1354 1388 mortis

189 1430 394 1510 assumptum
423 1423 521 1488 etiam
549 1425 585 1488 in
614 1426 758 1510 eleganti
789 1429 937 1492 oratione
964 1428 1000 1492 16
1028 1449 1091 1490 666
1117 1425 1233 1510 1111666,
1265 1426 1354 1511 quod

187 1529 298 1594 Krebs
320 1529 483 1615 Allgayer
503 1530 540 1593 in
563 1529 785 1597 Antibarbaro
814 1554 883 1597 non
911 1554 1046 1619 prorsus
1068 1537 1203 1616 negant.
1248 1531 1297 1596 At
1317 1531 1354 1596 id

187 1633 313 1720 ipsum,
338 1634 428 1720 quod
450 1635 698 1701 substantivum
720 1659 740 1702 6
762 1638 873 1719 Caes,
896 1637 999 1720 Hirt,
1022 1635 1116 1716 salt,
1147 1635 1256 1717 Suet,
1280 1635 1353 1699 aliis

187 1737 372 1804 devitatum
395 1745 459 1823 est,
491 1761 561 1803 rem
582 1740 618 1803 in
641 1740 779 1805 dubium
800 1741 979 1806 vocaverit.
1024 1738 1150 1816 Quodsi
1173 1761 1229 1803 eos
1250 1739 1351 1822 16666,

155 1919 159 1924 ,
187 1841 308 1926 quibus
342 1842 455 1908 Cicero
489 1844 690 1909 vocabulum
723 1846 870 1932 scripsit,
913 1845 1105 1930 diligentius
1140 1843 1354 1930 contemplati

188 1945 328 2028 erimus,
356 1969 424 2012 666
454 1947 558 2035 ipsius
591 1949 772 2032 Ciceronis,
804 1949 864 2013 sed
887 1948 1026 2013 aliorum
1057 1970 1129 2012 esse
1150 1947 1254 2012 verba
1276 1969 1353 2032 cog-

187 2070 375 2115 noscemus:
399 2051 440 2116 (16
461 2052 550 2138 legg.
572 2053 607 2117 H
629 2055 666 2136 9,
694 2054 752 2117 22;
776 2078 826 2119 666
848 2056 905 2119 1616
929 2054 1018 2118 datos
1040 2054 1124 2117 (11666
1146 2054 1288 2131 1616616,
1311 2050 1353 2115 61

188 2154 333 2238 antiquis
354 2155 486 2241 legibus
509 2157 551 2221 6(1
573 2157 713 2223 verbum
728 2159 927 2223 translatum
949 2181 1021 2223 esse
1043 2162 1196 2243 apparet3
1220 2154 1261 2219 (16
1284 2154 1352 2219 div.

187 2259 205 2322 I
226 2257 278 2341 26,
301 2258 343 2322 56
367 2260 480 2325 Cicero
504 2261 575 2348 ipse
596 2263 693 2350 plane
716 2263 798 2326 dicit
818 2284 837 2326 6
859 2262 897 2325 L.
915 2262 1026 2326 Caelio
1048 2261 1227 2347 Antipatro
1250 2260 1352 2346 scrip-

186 2367 257 2427 tore
280 2384 309 2426 6.
333 2385 361 2428 a.
387 2365 462 2430 Chr.
482 2366 545 2429 140
566 2371 645 2430 6616
668 2388 703 2430 66
718 2373 905 2431 mutuatum
927 2387 1009 2448 6666,
1032 2387 1116 2450 quae
1138 2369 1287 2428 narraret
1310 2363 1352 2427 de

187 2466 335 2550 Tiberin,
367 2470 424 2552 qui
444 2469 540 2534 fratri
569 2470 605 2535 in
636 2471 760 2535 somnis
787 2471 878 2536 visus
909 2474 996 2535 66661
1027 2467 1216 2552 diceretque
1245 2468 1353 2532 eodem

188 2594 245 2658 quc
266 2582 331 2659 ipse
355 2583 508 2640 interisset
536 2578 593 2641 1616
615 2599 680 2640 6666
704 2576 900 2662 pereundum.
945 2575 1065 2638 Restat
1094 2571 1164 2636 Art.
1184 2572 1221 2635 X
1246 2571 1296 2653 10,
1317 2572 1352 2636 5:

186 2683 266 2755 6116,
286 2700 377 2764 quom
399 2689 480 2766 turpi
502 2682 558 2744 1616
577 2702 753 2764 pereamus,
775 2680 834 2744 ubi
861 2699 958 2743 nemo
984 2676 1093 2742 adhuc
1121 2675 1355 2741 animadvertit

185 2779 289 2844 verba
316 2804 405 2868 quam
441 2793 522 2870 turpi
559 2786 616 2849 1616
650 2806 812 2869 pereamus
849 2785 987 2848 alteram
1019 2802 1134 2847 versus
1171 2780 1354 2846 hexametri

186 2889 315 2969 partem
337 2907 356 2949 6
379 2887 537 2952 Cicerone
559 2889 746 2953 6111666116
768 2895 867 2974 poeta
888 2888 923 2952 in
946 2886 1101 2974 epistolas
1122 2891 1255 2971 recepta
1271 2907 1352 2949 esse.
1439 2952 1442 2958 ,

186 2985 361 3073 Sequitur,
385 2997 423 3055 ut
443 2990 564 3076 letum,
588 3015 664 3057 cum
686 2999 772 3057 66661
793 2993 978 3079 priscorum
1000 2990 1197 3076 scriptorum
1219 2994 1252 3052 61
1273 3011 1351 3076 poe-

186 3096 311 3176 tarum,
343 3115 363 3158 a
386 3095 543 3160 Cicerone
564 3096 600 3161 in
620 3118 719 3184 prosa
741 3097 889 3161 oratione
911 3097 1053 3160 vitatum
1076 3094 1132 3176 611,
1159 3099 1193 3158 61
1214 3094 1353 3179 posteri-

186 3216 275 3280 ores,
312 3196 462 3284 inprimis
498 3199 648 3265 historici
678 3200 924 3265 substantivum
959 3204 1222 3284 assumpserunt,
1260 3197 1354 3262 velut

186 3298 260 3365 116.
279 3300 307 3384 1,
324 3301 376 3386 51,
395 3303 430 3367 9:
454 3328 532 3369 6666
554 3308 743 3390 6666161611·
766 3305 795 3387 2,
811 3305 864 3387 40,
884 3303 940 3367 1οε
965 3305 1024 3368 1616
1036 3312 1158 3389 perire,¹
1180 3303 1232 3385 31,
1249 3302 1301 3386 18,
1318 3302 1352 3366 ‘It

182 3425 242 3490 per
259 3417 443 3471 6616666166
465 3409 713 3492 16111616616666,
735 3409 787 3492 45,
805 3409 856 3491 26,
875 3409 907 3472 1;
932 3411 1022 3474 letum
1037 3419 1185 3494 oppetere.
1231 3406 1353 3483 Quam-

188 3529 286 3592 quam
302 3532 377 3574 eum
393 3511 585 3598 scriptorem
603 3535 670 3578 666
685 3535 758 3578 raro
774 3536 815 3577 ex
831 3512 975 3597 antiquis
989 3511 1139 3576 fontibus
1155 3511 1352 3576 adverbum

186 3611 336 3679 hausisse
363 3615 530 3681 neminem
557 3616 655 3702 fugit.
700 3617 853 3683 Elocutio
876 3617 973 3682 Corn.
997 3616 1080 3702 Nep.
1103 3638 1196 3701 regg.
1220 3615 1255 3677 3:
1279 3624 1352 3702 pari

92 3751 95 3755 ¹
186 3720 243 3785 1616
274 3719 398 3804 affectus
431 3734 476 3786 661
504 3742 555 3808 ap.
589 3721 656 3786 Cio.
687 3721 784 3786 66116
818 3720 960 3785 occurrit
987 3720 1023 3784 in
1052 3742 1126 3806 epp.
1157 3719 1208 3784 IV
1242 3718 1299 3800 12,
1331 3719 1351 3782 2

186 3827 315 3888 mutata
335 3822 456 3890 forma:
487 3824 1022 3909 66661166166666166616116666·
1054 3823 1144 3888 Curt.
1168 3823 1205 3906 8,
1229 3823 1267 3906 9,
1292 3823 1350 3887 33:

186 3927 342 4007 (11661611,
368 3927 455 3992 Ρ116.
478 3929 519 3995 N.
542 3930 586 3993 Η.
617 3931 675 4013 24,
701 3930 762 3994 157
772 3951 778 3992 :
807 3930 971 3994 1666661111
999 3930 1056 3994 leto
1084 3937 1196 4014 perire.
1252 3925 1350 4010 Quid,

185 4031 276 4117 quod
298 4031 528 4116 ecclesiastici,
550 4033 814 4117 6616111661,
838 4033 942 4098 letum
963 4054 1068 4119 paene
1098 4031 1228 4117 saepius
1251 4051 1351 4115 quam

185 4141 326 4202 mortem
356 4137 567 4223 scripserunt.
612 4138 735 4202 Poetae
765 4143 875 4202 autem
897 4137 1050 4202 omnibus
1081 4135 1245 4200 aetatibus
1266 4133 1351 4199 illud

62 4260 65 4266 ·
183 4238 385 4307 vocabulum
398 4240 641 4330 praetulenmt3
664 4262 821 4307 enumero
842 4241 992 4327 exempla
1005 4241 1117 4306 minus
1130 4240 1346 4328 pervulgata:
