2992 4726
667 251 821 367 ,Α

161 486 232 559 Att.
264 485 353 558 XIII
381 485 440 576 38,
470 487 502 556 1:
539 490 595 557 doc
625 491 783 579 quidquam
811 504 883 580 pote
909 497 1084 579 imperius?
1124 484 1326 558 comoediam

161 598 309 664 redolere
337 595 419 662 mihi
448 594 598 679 videtur;
628 593 669 659 cf.
699 595 807 660 Plaut.
834 596 933 662 Most.
956 597 1036 661 246:
1068 598 1142 685 qaid
1170 600 1228 663 ilia
1254 612 1326 687 pete

160 712 247 790 petas
270 711 427 790 quicquam
448 701 553 764 mulier
574 707 790 764 memoranter?
825 700 919 765 Asin.
932 701 1011 764 542:
1036 713 1063 766 te
1085 702 1200 788 quidem
1222 702 1327 790 edepol

161 807 240 871 nihil
271 816 316 869 est
346 806 550 891 impudentiae.
600 797 856 891 Compositionis
888 804 1065 869 verborum
1093 818 1167 892 pote
1192 818 1220 870 et
1240 817 1325 893 quie-

161 932 246 996 qucm
279 905 466 994 exemplum
493 906 654 972 habemus
683 908 719 971 in
748 908 835 971 Enn.
865 908 954 973 Ann.
984 907 1082 994 frgm.
1111 915 1198 997 poet.
1228 909 1323 975 Rom.

161 1011 201 1075 B.
229 1033 262 1098 p.
294 1011 375 1092 288,
399 1010 433 1073 3:
464 1011 519 1074 aed
550 1033 605 1080 nec
628 1025 700 1098 pote
728 1020 880 1099 quiequam
907 1014 1037 1101 undique
1063 1014 1188 1080 nitendo
1218 1037 1327 1100 corpus

162 1117 333 1202 discerpere
358 1116 455 1199 serre.
505 1114 556 1179 De
584 1113 690 1180 forma
714 1127 786 1203 pote
815 1114 946 1201 vulgari
975 1118 1145 1207 aptissime
1173 1117 1329 1182 disseruit

160 1219 322 1305 Rebling‚
355 1218 481 1305 uerius)
511 1218 590 1287 einer
622 1218 845 1305 &caratteriltit
878 1222 906 1287 c.
938 1223 1013 1290 rim.
1044 1221 1328 1309 Uchnqsslprcdpe,

162 1327 192 1388 2.
218 1324 267 1405 di,
292 1322 361 1392 stiel
386 1325 487 1400 1882,
510 1345 543 1409 p.
568 1321 597 1405 9,
622 1322 749 1439 quipbi
770 1329 883 1387 monet
904 1345 1038 1389 versum
1061 1323 1265 1390 Ovidianum
1287 1348 1329 1389 ex

162 1434 232 1493 arte
255 1440 353 1492 amat.
370 1426 482 1496 1475:
507 1427 577 1514 quid
591 1424 688 1512 mepte
703 1439 747 1491 eet
761 1449 840 1491 ecco
857 1427 973 1508 duram,
996 1430 1068 1516 quid
1081 1431 1205 1495 mollius
1219 1430 1329 1494 uada?

161 1532 198 1595 in
219 1531 318 1595 inser.
343 1529 487 1615 quadam
508 1530 672 1616 parietina
693 1530 861 1617 Pompeiis
885 1531 933 1613 (O.
957 1532 983 1596 Ι.
1006 1533 1045 1612 L.
1068 1532 1118 1598 IV
1135 1533 1233 1619 1895)
1255 1556 1327 1598 mu·

160 1640 268 1698 tatum
290 1655 363 1698 esse
384 1633 421 1697 in
441 1632 558 1698 verba:
584 1635 656 1721 quid
677 1647 747 1720 pote
769 1648 826 1700 tam
849 1637 960 1700 darum
983 1659 1090 1716 sacae,
1114 1638 1186 1724 quid
1207 1640 1328 1703 mollius

161 1738 268 1803 undo?
302 1777 344 1784 -
378 1738 462 1803 Cum
485 1737 551 1802 Oic.
574 1737 645 1802 Att.
669 1737 764 1821 116,
789 1738 824 1803 1;
862 1740 906 1804 dii
934 1743 1137 1806 immortales!
1170 1764 1245 1828 qaae
1273 1763 1327 1826 epo

120 1842 123 1847 '
158 1864 280 1927 pupncs
295 1854 323 1906 et
337 1855 463 1928 quantes
479 1855 598 1927 strepas
613 1842 699 1921 edidi,
716 1844 976 1929 comparaverim
990 1844 1099 1908 Plaut.
1111 1844 1232 1910 Pseud.
1245 1845 1325 1909 503:

162 1946 240 2010 daho
263 1947 354 2009 aliam
368 1967 498 2031 puppem
520 1947 636 2010 ederem
659 1959 687 2011 et
701 1950 1007 2026 commemorabilem;
1027 1947 1120 2036 Capt.
1144 1949 1226 2013 585:
1248 1973 1326 2027 pro-

160 2049 241 2134 fecte
257 2059 320 2114 iam
336 2051 451 2137 aliquid
461 2070 583 2135 papate
597 2049 703 2125 edidit·
724 2051 826 2114 Poen.
842 2052 923 2116 923:
949 2053 990 2117 dii
1005 2056 1199 2136 immortales,
1215 2067 1326 2141 quante

163 2153 274 2230 clades,
298 2164 408 2238 quante
432 2153 554 2217 advenit
575 2155 735 2218 calamitae.
781 2153 935 2219 Ceterum
964 2156 1031 2222 iam
1052 2157 1207 2223 Ribbeck
1226 2156 1322 2242 frgm.

161 2277 244 2320 com.
265 2255 361 2321 Rom.
384 2280 417 2343 p.
443 2257 504 2320 122
528 2254 701 2322 adnotavit
722 2256 824 2321 verba
847 2281 920 2346 quae
949 2281 1004 2344 epo
1029 2282 1166 2346 prapaes,
1197 2273 1322 2348 quartae

161 2374 278 2445 strepet
312 2360 390 2424 edidi
422 2358 610 2425 fabularum
643 2361 812 2448 scriptoris
840 2363 959 2427 incerti
988 2386 1076 2448 esse,
1108 2366 1166 2450 qui
1193 2386 1325 2430 servum

154 2465 216 2531 vvel
237 2464 417 2552 parasitum
440 2465 475 2528 in
505 2463 675 2530 comoedia
697 2453 894 2551 gloriantem
924 2473 958 2530 et
985 2468 1151 2553 tragicum
1183 2469 1326 2534 colorem

163 2567 374 2634 affectantem
396 2567 453 2632 illa
475 2566 721 2654 praedicantem
736 2568 868 2634 faceret.
906 2569 1072 2656 Equidem
1094 2572 1208 2637 malim
1222 2572 1328 2639 verba

161 2673 336 2737 restituere
357 2672 420 2755 ita,
451 2677 489 2736 ut
509 2693 644 2737 versum
666 2674 833 2738 senarium
862 2673 1077 2758 concludant;
1114 2675 1326 2741 scribendum

161 2776 265 2862 igitur
287 2798 418 2841 censeo:

316 2881 361 2946 Di
382 2882 583 2962 immortales,
607 2929 739 2946 .....

315 2987 472 3066 „Quantae
493 3007 549 3071 epo
567 3006 697 3070 paperes,
720 2997 847 3071 quantae
869 2998 984 3071 strepas
1006 2988 1084 3053 edidi
1092 2993 1120 3053 !“

162 3086 256 3153 Oonf.
280 3088 433 3155 adhunc
455 3085 694 3154 locumPlaut.
718 3087 811 3174 Oapt
835 3089 898 3152 902
921 3110 992 3175 sqq.

248 3193 319 3257 Att.
342 3193 430 3256 XIII
452 3194 504 3275 28,
527 3192 547 3254 2
569 3188 795 3280 verbawiureto
817 3194 889 3257 milei
909 3191 1070 3280 pediculis
1093 3194 1264 3277 anserinis,
1287 3200 1327 3258 ut

161 3296 264 3380 aiunt,
288 3295 489 3362 includenda
505 3301 592 3377 sunt,
612 3317 687 3359 cum
702 3302 875 3382 poetarum
890 3296 993 3362 fuisse
1009 3305 1167 3383 appareat
1182 3320 1200 3362 e
1214 3299 1324 3363 Plaut.

161 3401 256 3465 Asin.
280 3401 341 3464 23:
375 3412 475 3466 iurato
506 3403 579 3465 erili
605 3401 691 3464 videa
715 3422 835 3465 necesse
862 3424 927 3466 esee
952 3403 1063 3487 eloqui,-
1095 3403 1217 3490 Amph.
1243 3402 1324 3466 437:

48 3582 52 3589 ⁴
160 3514 293 3570 iniurato
315 3515 381 3570 acio
399 3507 471 3591 plue
493 3505 596 3569 credet
616 3507 690 3569 mili
712 3528 797 3590 quem
818 3516 919 3570 iurato
942 3507 1001 3570 aba

248 3609 322 3673 Hoc
354 3609 428 3672 loco
457 3606 597 3672 forsitan
629 3606 750 3671 dixerit
783 3608 947 3696 quispiam
976 3608 1075 3673 etiarn
1105 3619 1202 3674 vereri
1233 3608 1325 3673 Oice-

163 3735 278 3778 ronem
298 3713 444 3799 priscum
459 3732 643 3776 sermonem
658 3711 842 3776 imitantem
856 3734 932 3776 cum
946 3712 1102 3798 genetivo
1117 3713 1326 3777 coniunxisse

163 3818 235 3882 Att.
258 3817 342 3882 VIH
364 3818 402 3900 4,
427 3817 464 3880 1:
496 3840 534 3880 ae
557 3825 601 3880 cei
632 3816 745 3902 quidem
768 3825 939 3895 testimonii,
967 3816 1047 3903 quod
1066 3827 1093 3880 ei
1121 3840 1212 3904 coepe
1241 3818 1325 3902 opud

162 3942 211 3985 rae
233 3920 379 4003 dederes,
410 3931 536 3998 veritae·
566 3917 625 3983 sed
645 3918 708 3984 hoc
729 3919 802 3982 loco
817 3916 941 3982 frustra
962 3938 1038 3982 cum
1052 3917 1193 3984 formam
1213 3920 1324 3984 metri-

164 4046 236 4089 cam
259 4046 407 4109 quaeras,
425 4022 592 4088 Ciceronis
609 4021 712 4109 ipsius
735 4043 806 4086 esse
821 4021 923 4087 verba
943 4043 1011 4086 non
1027 4023 1212 4109 negaveris
1249 4024 1325 4089 Etsi

161 4150 229 4193 non
257 4151 310 4193 me
337 4127 426 4214 fugit
447 4126 640 4208 Afranium,
669 4124 804 4208 Attam,
833 4125 1033 4209 Pacuvium,
1064 4127 1196 4192 Attium
1227 4151 1325 4216 saepe

162 4232 252 4302 illem
275 4233 547 4320 compositionem
568 4229 788 4318 usurpavisse,
811 4234 922 4292 tamen
944 4229 1063 4295 mirum
1087 4230 1168 4296 mihi
1181 4231 1324 4319 videtur,
