2992 4726
670 264 824 374 -1o-

164 521 262 567 asum
287 495 577 566 convertebantur.
622 497 664 564 In
687 496 828 585 dialogis
852 518 997 583 quoque,
1028 516 1105 562 cum
1125 517 1223 585 saepe
1244 495 1334 586 apud

167 603 332 688 Graecos,
366 602 516 691 quamn
537 602 696 667 Latinum
723 623 909 668 sermonem
937 600 1124 685 transtulit,
1152 602 1331 689 notionem,

164 731 250 795 quae
279 731 350 774 rem
371 708 557 773 luculenter
578 707 809 790 adumbraret,
842 705 1024 788 inveniret,
1059 705 1172 771 Cicero
1200 714 1332 774 coactus

164 819 225 898 est,
242 818 281 880 ut
295 819 373 900 apta
384 811 557 895 vocabula,
573 832 658 897 quae
670 811 807 877 Graecis
819 808 1066 898 responderent,
1082 809 1154 897 ipse
1164 808 1330 877 formaret.

162 917 366 1005 Exemplum
389 913 553 1003 proferam
575 937 616 981 ex
631 938 705 1003 epp.
728 915 771 980 ad
785 914 857 980 Att.
874 914 960 979 XVI
977 912 1052 978 11¹¹:
1075 917 1203 998 mirifica
1225 914 1331 981 riacia-

162 1045 266 1105 τησις;
293 1020 378 1087 VIII
401 1019 459 1103 16,
489 1018 524 1083 2;
549 1042 624 1106 qaas
641 1023 713 1104 fieri
736 1042 840 1085 canses
861 1015 1069 1100 ἅπαντήσειςς
1098 1017 1153 1081 IX
1175 1018 1205 1101 7,
1227 1018 1266 1084 2;
1290 1021 1333 1086 ad

163 1127 271 1192 arbam
293 1121 485 1207 ἀπάντησις,
519 1123 608 1208 quod
636 1128 675 1189 ut
695 1123 815 1188 Latine
835 1121 1006 1205 redderet,
1037 1121 1105 1187 Cic.
1132 1123 1333 1189 vocabulum

165 1231 291 1304 obviam
306 1229 418 1297 ilionis
432 1226 587 1292 formavit
601 1226 672 1290 Att.
692 1227 746 1292 XI
763 1226 813 1310 16,
832 1227 868 1310 1;
883 1227 973 1291 XIII
988 1225 1040 1309 50,
1055 1226 1087 1290 4.
1121 1226 1333 1315 Exemplaria

165 1333 309 1399 habebat
330 1331 487 1420 pristinos
508 1330 694 1418 scriptores,
718 1332 776 1415 qui
800 1331 919 1396 domam
941 1340 993 1396 itio
1010 1330 1218 1418 scripserant,
1241 1333 1334 1398 velut

165 1437 271 1503 Lucil.
294 1436 362 1502 Sat.
394 1461 427 1524 p.
451 1436 525 1519 207,
549 1435 615 1499 470
636 1434 733 1520 frgm.
756 1439 835 1521 poet
855 1433 910 1498 B.:
946 1435 1068 1499 domam
1090 1444 1192 1500 iiioaia
1215 1437 1333 1523 capidi;

165 1543 287 1606 Pacuv.
305 1541 378 1624 173,
401 1539 521 1626 fragm.
535 1543 620 1624 trag.
636 1538 670 1602 R
684 1561 716 1626 p.
740 1538 800 1602 95:
822 1559 897 1604 nara
912 1540 994 1603 salas
1009 1539 1131 1604 Danais
1147 1541 1194 1604 lia
1210 1539 1332 1606 damam
1422 1558 1429 1572 ·

164 1655 286 1711 itionem
319 1646 414 1724 ioasi·
442 1643 557 1709 Attius
579 1665 612 1708 v.
637 1642 717 1726 173,
746 1641 828 1707 ibid.
857 1665 889 1730 p.
915 1643 993 1707 158:
1024 1645 1060 1708 ab
1092 1643 1213 1708 domam
1241 1655 1333 1711 iiioaa

163 1761 299 1829 arceret,
322 1771 362 1813 ex
384 1747 448 1813 inc.
471 1746 538 1813 fab.
561 1771 593 1813 v.
617 1747 676 1831 26,
704 1746 786 1812 ibid.
817 1771 849 1834 p.
873 1747 955 1811 238:
984 1757 1042 1812 iam
1074 1748 1192 1813 doraum
1214 1758 1333 1814 itionem

161 1867 285 1941 parant.
331 1853 399 1918 Sed
419 1872 660 1937 nonnunquam
683 1850 811 1934 Cicero,
835 1852 1033 1936 quamquam
1054 1850 1214 1916 Latinum
1235 1875 1332 1919 voca-

162 1958 281 2023 bulum
308 1963 423 2044 aptum
453 1961 486 2021 et
511 1956 672 2021 usitatum
696 1976 826 2020 sumere
851 1954 977 2042 potuit,
1007 1976 1083 2019 cum
1115 1953 1159 2019 ad
1180 1956 1332 2022 Atticum

164 2062 332 2145 scriberet,
358 2061 524 2126 Graecum
541 2059 709 2147 praetulit,
731 2058 824 2124 velut
839 2058 943 2123 Attl
964 2058 1013 2141 12,
1039 2059 1072 2123 1;
1097 2057 1233 2146 σκήψεις
1247 2075 1333 2150 atqua

164 2166 336 2253 οἶνοιβολαί
350 2191 384 2227 =
404 2166 898 2250 1669166666666666111166666·
920 2163 974 2228 IX
990 2163 1040 2245 19,
1064 2163 1092 2227 1.
1125 2164 1212 2229 XIV
1228 2166 1278 2249 15,
1294 2168 1331 2250 2,

166 2270 216 2355 16,
232 2271 267 2333 2;
284 2268 558 2354 anastasianam:
568 2268 785 2347 consideratio,
800 2268 834 2332 X
846 2269 869 2332 8
881 2268 923 2350 A,
940 2267 970 2331 l:
987 2268 1203 2346 ζηλοτυπίαε
1213 2273 1332 2337 obtrac-

165 2385 244 2440 tatio.
287 2374 366 2440 Jam
394 2396 433 2439 ea
462 2373 673 2438 substantiva
693 2372 728 2437 in
752 2384 784 2438 io
813 2373 868 2437 vel
895 2372 932 2436 in
955 2393 992 2436 or
1020 2372 1220 2458 desinentia,
1249 2400 1333 2461 quae

166 2477 257 2566 prius
280 2478 381 2543 semel
406 2478 497 2543 dicta
518 2477 740 2563 putabantur,
769 2477 807 2541 in
834 2484 974 2565 parvum
1003 2498 1178 2542 numerum
1199 2479 1333 2548 redacta

166 2587 258 2665 sunt,
285 2587 500 2668 posteaquam
521 2587 636 2646 nostra
659 2587 767 2647 aetate
790 2579 878 2646 docti
900 2585 1079 2668 coeperunt
1101 2582 1201 2647 etiam
1222 2591 1332 2672 poste-

164 2685 267 2750 riores
300 2685 489 2774 scriptores,
519 2685 576 2771 qui
609 2691 686 2751 aute
718 2683 995 2771 neclegebantur,
1030 2683 1211 2752 studiosius
1241 2690 1332 2755 lecti-

163 2794 235 2854 tare
257 2796 290 2854 et
312 2788 506 2855 describere.
931 2863 937 2873 .

165 2893 509 2979 a)Substantiva,
533 2914 635 2978 quae
650 2915 852 2978 nusquam
871 2893 955 2959 nisi
971 2890 1332 2981 apudOiceronem

636 2998 859 3084 leguntur:

165 3101 321 3170 inhibitio
343 3109 509 3186 ramicum,
531 3099 603 3166 Ati.
626 3102 716 3166 XIII
736 3102 796 3185 21,
819 3103 854 3186 3;

165 3205 450 3274 chastanetum
466 3207 631 3286 aabalaaie,
653 3206 724 3270 Att.
740 3207 789 3272 VI
806 3208 836 3290 3,
861 3208 891 3290 7,
914 3229 980 3293 quo
1002 3207 1075 3272 loco
1097 3207 1132 3271 in
1155 3207 1226 3272 cod.
1243 3208 1331 3274 Med.

372 3309 600 3396 scriptumest
615 3321 799 3397 operatione,
816 3333 868 3399 ap.
884 3309 1163 3396 Wesenbergium
1179 3323 1332 3392 mationa·

168 3414 328 3500 pollentio,
351 3411 422 3477 Ast.
446 3412 531 3497 Ι13,
556 3415 584 3498 1,
608 3415 667 3480 ubi
686 3416 829 3502 vestigia
851 3415 923 3481 cod.
940 3413 1039 3498 Med,
1064 3415 1101 3478 in
1123 3435 1187 3499 quo
1209 3414 1332 3501 legitur

367 3518 561 3604 palleiioaam
577 3517 621 3582 ad
631 3519 735 3585 verba
752 3543 827 3608 ,par
842 3519 1013 3586 rectumff
1029 3517 1147 3583 ducere
1157 3517 1330 3603 videntur,

167 3619 334 3708 prensatio
353 3643 580 3708 praepropera,
602 3622 673 3689 Ati.
696 3625 715 3689 I
738 3626 774 3708 1,
800 3626 837 3708 1;

166 3724 358 3811 nauigatio,
379 3723 451 3789 Ati.
473 3725 563 3791 XIII
584 3726 640 3811 21,
664 3727 694 3791 3.
1266 3796 1268 3800 ,

165 3827 201 3910 b)
233 3825 540 3913 Substantiva,
578 3852 687 3914 quae
720 3831 830 3920 apud
864 3832 1112 3902 Ciceronem
1148 3836 1331 3922 primum

239 3930 544 4018 inveniuntur,
567 3956 587 3999 a
608 3937 926 4022 posterioribus
949 3947 1118 4028 recepta
1139 3947 1258 4005 sunt:

139 4078 140 4082 =
166 4037 332 4106 aberratio
348 4035 506 4120 adolere,
528 4036 599 4104 Aa.
616 4038 688 4103 XII
703 4039 755 4123 38,
777 4040 811 4123 33
834 4061 854 4104 a
868 4040 1037 4126 molestiis,
1059 4065 1132 4130 epp.
1148 4043 1216 4109 XV
1232 4042 1284 4127 18,
1300 4042 1329 4106 1.

376 4139 488 4205 Gelas.
512 4162 584 4230 epp.
606 4143 659 4226 43,
682 4143 712 4206 6.

167 4245 337 4333 abrogatio
361 4247 451 4331 Iopis,
474 4244 545 4310 Ait.
567 4245 621 4311 III
641 4247 701 4330 23,
724 4247 762 4330 23
786 4247 860 4313 Vel.
883 4249 971 4314 Max.
993 4251 1047 4316 IX
1071 4251 1108 4334 1,
1132 4252 1169 4333 33

1176 4371 1210 4429 2*
