2992 4726
718 266 762 380 55

249 492 315 558 Sed
344 493 424 558 satis
453 493 580 560 dietum
608 517 679 560 esse
700 496 843 561 arbitror
874 496 915 561 de
943 495 1054 560 verbis
1078 494 1271 570 ambulandi
1293 502 1327 560 et

162 597 321 680 vadendi;
353 599 503 683 sequitur
531 599 671 665 verbum
700 601 866 684 movendi,
897 598 987 684 quod
1015 599 1051 662 in
1078 620 1202 684 magna
1231 599 1326 686 eopia

162 702 339 766 uerborum
362 708 451 784 erat,
479 702 599 787 quibus
622 726 729 769 sermo
753 704 957 786 cotidianus,
984 706 1023 766 ut
1050 701 1141 767 notio
1171 703 1326 768 motionis

164 807 409 893 exprimeretur,
433 806 634 890 abundavit3
657 807 698 873 of.
721 808 865 890 Lorenz,
889 807 965 872 adn.
988 805 1032 870 ad
1052 806 1173 871 Pseud.
1196 830 1228 872 v.
1252 808 1326 872 535.

162 910 239 974 Huo
261 911 406 996 pertinet
428 933 468 974 ex
490 911 557 976 010.
581 933 653 998 epp.
675 933 863 994 movere,
886 912 922 976 in
945 911 1091 996 eleganti
1113 933 1264 977 sermone
1286 912 1327 976 de

164 1015 325 1096 exercitu,
355 1015 389 1078 in
412 1035 561 1079 sermone
590 1015 755 1080 cotidiano
777 1016 878 1080 etiam
904 1014 945 1080 de
975 1005 1115 1100 singulis
1137 1015 1327 1081 hominibus

164 1117 299 1199 dietum,
321 1118 415 1182 uelut
435 1117 507 1181 Att.
522 1118 573 1184 IV
595 1119 625 1201 9,
649 1120 684 1182 2:
707 1141 762 1205 eqo
785 1143 832 1184 me
854 1121 889 1184 de
905 1122 1040 1184 Cumano
1055 1130 1148 1199 moui,·
1169 1120 1202 1184 V
1219 1119 1269 1202 12,
1294 1121 1326 1184 1:

164 1234 230 1286 erui
257 1232 289 1285 iu
318 1232 416 1286 auimo
439 1224 514 1287 nihil
532 1222 679 1307 festinare
705 1245 760 1289 ueo
781 1247 825 1288 me
848 1225 926 1288 Delo
948 1245 1085 1302 mouera·
1118 1223 1185 1288 VII
1208 1224 1263 1306 16,
1287 1224 1326 1287 3;

165 1336 191 1390 si
213 1328 347 1391 uondum
364 1328 626 1413 profectuosum,
649 1328 800 1404 utibilest,
824 1329 904 1414 quod
927 1338 1133 1406 5511055010,-
1156 1325 1197 1390 cf.
1219 1328 1328 1392 Plaut.

166 1431 254 1494 Trin.
277 1431 356 1494 802:
381 1431 454 1517 quid
475 1452 556 1495 uuuo
578 1439 665 1495 sius?
687 1443 756 1518 quin
781 1445 810 1495 iu
832 1432 903 1496 liius
926 1445 953 1496 ie
970 1453 1092 1495 umoues
1114 1444 1143 1496 ei
1163 1444 1189 1496 ie
1210 1439 1329 1496 moves?

167 1535 449 1616 Commovere,
472 1535 564 1599 velut
578 1535 650 1599 Att.
666 1535 719 1598 HI
735 1536 786 1618 13,
812 1535 847 1598 1:
870 1559 925 1600 uec
946 1559 990 1599 mo
1014 1537 1222 1600 Thessalonica
1242 1558 1329 1601 oom-

165 1649 256 1717 mooi,·
284 1638 337 1702 ΙΠ
364 1638 421 1720 14,
452 1639 486 1702 2;
519 1662 580 1702 nou
611 1649 759 1703 oommooi
787 1661 836 1704 me
869 1641 1097 1716 Thessalonica·
1128 1639 1195 1703 VH
1224 1639 1259 1722 7,
1290 1642 1327 1704 3:

160 1767 291 1832 prorsus
310 1756 336 1808 ie
352 1753 534 1807 commoveri
549 1743 742 1807 incommodo
755 1744 930 1809 ualetudinis
942 1755 1008 1807 luae
1023 1745 1111 1820 nolu·
1126 1744 1212 1808 XIV
1225 1745 1276 1828 17,
1293 1747 1328 1808 6:

164 1870 339 1935 quocunque
360 1870 416 1912 uos
437 1856 671 1925 commovimus·
693 1870 766 1934 epp.
782 1847 831 1910 VI
846 1847 898 1929 20,
914 1847 952 1910 3:
977 1858 1006 1910 tu
1021 1869 1104 1923 curu,
1128 1859 1159 1911 ut
1180 1850 1282 1912 uolens
1304 1862 1333 1915 et

165 1965 191 2017 ie
212 1962 300 2016 isliuc
323 1975 361 2015 ue
384 1963 494 2015 temere
523 1973 730 2029 tommosam·
760 1948 801 2013 of.
827 1949 933 2014 Lucil.
956 1949 1025 2013 Sat.
1047 1972 1079 2035 p.
1103 1950 1182 2034 220,
1204 1952 1269 2014 560
1289 1952 1330 2016 Β.

166 2067 328 2121 commouet
342 2077 374 2119 se
389 2077 545 2141 nusquam.
582 2055 656 2118 Hoe
670 2054 741 2118 loeo
758 2052 1083 2117 commemorandum
1096 2060 1177 2139 puto
1187 2057 1331 2120 'verbum

166 2161 332 2229 vertendi:
367 2157 437 2222 Att.
461 2158 547 2222 XVI
579 2159 633 2241 10,
659 2160 692 2222 1:
727 2170 840 2223 vertum
870 2182 914 2222 me
944 2181 963 2222 u
994 2159 1159 2221 Minturnis
1181 2161 1332 2243 Arpinum

165 2289 285 2342 uersus·
308 2263 349 2328 ef.
372 2263 481 2326 Plaut.
504 2263 624 2326 Pseud.
646 2262 710 2325 247
733 2263 910 2340 portetur,
929 2283 1034 2347 puero,
1058 2272 1091 2325 ie.
1136 2260 1270 2344 Restat,
1293 2267 1332 2326 ut

166 2369 269 2442 uerba
304 2369 459 2437 currendi
489 2373 522 2430 et
551 2368 683 2436 volandi
716 2389 790 2430 oum
824 2364 1014 2452 compositis
1047 2363 1199 2447 afferam,
1236 2387 1330 2450 quae,

170 2471 326 2553 quoniam
353 2471 389 2534 in
420 2493 570 2536 sermone
600 2470 767 2536 cotidiano
797 2491 896 2534 aurea
923 2469 981 2532 illa
1007 2467 1217 2532 mediocritas
1246 2471 1332 2535 inter

167 2595 284 2661 parum
306 2578 339 2637 et
360 2575 500 2639 nimium
520 2597 588 2639 non
611 2580 770 2655 servatur,
794 2574 891 2639 solito
914 2573 1061 2637 erebrius
1084 2572 1184 2636 etiam
1205 2572 1241 2635 111
1264 2574 1332 2659 epi-

168 2677 261 2741 stolis
282 2677 316 2740 in
338 2699 402 2741 usu
424 2684 526 2742 erant.
560 2679 611 2743 Ae
632 2678 725 2766 prius
748 2678 883 2762 quidem
905 2698 1074 2741 currere
1098 2673 1268 2738 dicebatur
1291 2676 1332 2740 de

168 2781 224 2862 eis,
247 2781 305 2864 qui
320 2802 388 2845 non
404 2781 469 2846 sibi
482 2788 613 2868 tempus
629 2788 798 2846 sumerent
820 2789 879 2846 aut
891 2802 1010 2867 parum
1032 2780 1092 2844 otii
1106 2778 1276 2862 haberent,
1295 2786 1334 2843 ut

169 2885 294 2949 diutius
317 2883 438 2949 alicubi
460 2891 679 2968 versarentur,
702 2886 795 2949 velut
815 2886 887 2950 Au.
909 2886 963 2949 IX
985 2885 1015 2967 3,
1041 2885 1078 2947 1:
1102 2884 1231 2948 Domitii
1250 2886 1333 2966 filius

168 3000 287 3054 transiit
304 2993 443 3054 Formias
466 3011 595 3061 currem
617 2990 659 3054 od
681 3002 810 3053 mairem
828 2991 1006 3075 Neapolim·
1027 2988 1063 3051 X
1084 2989 1115 3069 4,
1138 2988 1176 3050 8:
1200 2998 1335 3053 cucurrit

168 3094 291 3176 (Curio)
309 3096 458 3170 Puteolos,
480 3105 513 3158 ui
533 3094 574 3157 ibi
590 3103 838 3170 commonendum·
859 3093 895 3155 X
911 3093 960 3174 2³,
975 3093 1012 3155 3:
1036 3093 1191 3157 Postumus
1205 3117 1333 3159 currens

169 3200 211 3264 ud
235 3201 331 3265 illum.
376 3196 503 3284 Operae
531 3196 675 3284 pretium
704 3195 785 3259 mihi
807 3196 940 3261 videtur
971 3218 1043 3260 esse
1065 3196 1225 3261 adnotare
1245 3197 1334 3262 idem

167 3301 307 3367 verbum
329 3303 365 3367 in
386 3301 583 3387 Philippicis
612 3299 720 3364 redire
749 3300 880 3382 111303
913 3301 949 3364 X
972 3301 1031 3382 10,
1062 3321 1143 3385 quas
1170 3302 1334 3366 orationes

168 3408 281 3473 multis
314 3405 412 3471 rebus
443 3430 463 3471 a
495 3405 664 3471 Oioeronis
695 3405 837 3482 oratoris
865 3404 1029 3489 elegantia
1062 3402 1239 3471 abhorrere
1268 3408 1335 3472 iam

172 3533 271 3598 supra
288 3510 430 3576 diximus
448 3511 493 3598 (p.
509 3511 572 3592 20).
607 3508 835 3574 Aoourrere
858 3515 968 3573 autem
982 3507 1148 3572 interdum
1164 3509 1253 3573 idem
1267 3510 1336 3576 fere

173 3615 379 3700 significasse
401 3616 491 3700 quod
512 3613 669 3679 advenire
691 3614 903 3700 perspicuum
932 3618 984 3676 est
1006 3634 1047 3676 ex
1068 3635 1119 3700 ep.
1143 3613 1186 3678 ad
1206 3613 1277 3678 nu.
1300 3616 1336 3679 H

172 3721 201 3802 1,
224 3720 262 3783 4;
290 3743 383 3807 neque
404 3742 543 3798 recusus,
573 3729 659 3805 quiu,
689 3741 751 3782 non
774 3719 864 3782 modo
886 3728 913 3781 si
943 3740 1017 3804 opus
1040 3727 1093 3795 sit,
1121 3718 1174 3781 sed
1201 3727 1336 3783 etiamsi

172 3827 243 3890 uelis
269 3845 416 3889 occurras
443 3823 553 3890 verbis
580 3833 626 3903 „si
648 3826 740 3889 oelis“
761 3822 935 3910 appositis;
967 3822 1003 3885 H
1024 3822 1082 3905 20,
1110 3822 1146 3885 5;
1177 3823 1336 3908 eupediius

169 3930 263 4015 facito
286 3939 399 4008 uisis,
430 3931 658 4007 similimum,
688 3940 720 3992 ut
749 3949 912 4006 occursum·
941 3927 995 3990 IX
1019 3926 1075 4007 15,
1097 3927 1134 3989 4;
1167 3936 1209 3991 itu
1240 3930 1335 3993 subito

170 4044 318 4111 occurrit,
340 4034 412 4096 XII
436 4033 509 4114 18³,
534 4035 569 4097 1:
593 4043 702 4119 opinor
722 4044 849 4118 propter
868 4031 998 4116 praedes
1020 4055 1092 4095 suos
1114 4042 1335 4110 uoouourrisse;

171 4138 259 4202 XIII
280 4138 333 4220 48,
359 4137 393 4200 1:
419 4137 516 4222 Lepta
537 4159 586 4200 me
608 4148 710 4222 roqui,
733 4148 765 4200 ui
786 4156 961 4214 accurram,
983 4133 1052 4199 XV
1073 4134 1108 4217 3,
1134 4137 1172 4199 l:
1196 4159 1337 4201 accurres

172 4251 204 4306 io
230 4244 435 4307 Tusculanum.
480 4239 547 4305 Sed
576 4262 618 4304 ne
649 4239 732 4304 falso
762 4238 999 4326 interpreteris
1030 4260 1114 4322 quae
1137 4239 1227 4304 dieo:
1258 4263 1337 4304 enu-

1217 4363 1233 4417 3
