2992 4726
680 260 723 332 57

121 491 189 557 All.
212 488 299 556 XVI
321 489 358 571 3,
391 485 425 550 6:
457 489 551 554 tribes
581 492 758 554 aemeriolir
788 489 1011 554 deeemscalmir
1039 488 1060 552 i.
1089 511 1116 553 6.
1139 489 1284 576 navigiis

120 595 234 660 decem
256 593 387 658 scalmis
411 591 550 674 (Graece
573 591 725 674 σνισιλμός,
748 591 835 657 Gall.
853 591 1017 678 escaume)
1040 593 1180 678 ornatis,
1204 595 1284 679 quin

119 701 220 765 etiam
231 697 334 763 verbo
346 696 468 762 Latino
482 696 645 762 vocabulo
658 697 785 762 Graeco
797 695 1013 784 praecedente
1029 696 1148 762 ductus
1159 699 1285 764 exitum

120 804 287 868 Graecum
309 799 438 865 addidit
464 800 535 866 Att.
558 801 576 865 I
599 802 654 884 16,
684 802 739 865 13:
773 823 866 888 quare
892 804 1129 888 φιλοσοφητέον
1157 815 1187 866 et
1210 811 1284 867 ictor

120 909 294 973 consulatus
316 929 377 970 νον
397 906 485 991 flocci
504 906 634 990 faetere.
679 905 755 971 Uno
772 905 844 970 loco
861 905 961 969 etiam
974 905 1131 970 Latinum
1146 905 1286 970 verbum

121 1014 298 1094 ,interesse‘
329 1031 389 1097 per
419 1008 667 1074 similitudinem
699 1009 794 1074 verbi
829 1010 994 1096 διαφέρειν
1024 1030 1100 1073 cum
1128 1010 1284 1096 genetivo

122 1114 294 1180 coniunxit
314 1113 386 1178 Ati.
409 1113 442 1178 V
463 1113 514 1196 19,
537 1115 575 1178 3:
598 1113 636 1179 τό
651 1110 789 1196 νεμεσᾶν
803 1115 942 1178 interest
954 1106 1014 1175 rod
1029 1114 1181 1199 φθονεῖν.
1218 1112 1286 1178 Sed

122 1217 273 1282 consulto
296 1238 394 1304 saepe
416 1216 542 1282 Graeco
571 1241 721 1283 sermone
743 1217 915 1301 utebatur,
946 1223 986 1280 ut
1006 1238 1135 1300 servos,
1166 1217 1285 1302 quibus

122 1321 278 1407 epistolas
301 1320 405 1404 dedit,
435 1322 464 1386 si
490 1320 572 1407 quid
593 1322 729 1387 liberius
751 1322 951 1408 scripsisset,
975 1321 1105 1385 celaret.
1150 1321 1285 1387 Etenim

121 1423 212 1489 haud
233 1446 306 1489 raro
322 1426 486 1492 tabellarii
506 1425 634 1490 litteras
657 1425 849 1511 obsignatas
872 1426 1056 1508 solverunt,
1080 1424 1158 1490 vide
1180 1424 1284 1489 AttI

124 1528 174 1610 13,
198 1528 234 1591 1:
257 1529 369 1595 ideirco
392 1554 456 1596 eum
472 1531 600 1610 tardior,
624 1531 705 1617 quod
727 1554 788 1595 νοιι
810 1539 928 1594 invenio
943 1531 1061 1614 fidelem
1078 1532 1285 1610 tabellarium·

122 1631 191 1696 XV
210 1632 249 1716 4,
271 1633 311 1697 4:
333 1634 415 1698 bunc
443 1636 601 1720 epistolam
631 1645 658 1699 si
684 1637 767 1700 illius
797 1635 955 1700 tabellario
983 1636 1145 1715 dedissem,
1174 1645 1285 1700 ueritus

120 1759 196 1817 aum,
218 1761 257 1802 ne
279 1741 414 1803 solveret.
461 1737 567 1814 Quam
587 1738 629 1804 ob
651 1761 722 1803 rem
746 1761 821 1803 cum
842 1759 1082 1823 nonnunquam
1104 1738 1204 1803 etiarn
1224 1760 1284 1824 per

119 1848 215 1906 notas
239 1839 307 1924 (διιὶ
330 1844 477 1922 σημείων)
501 1844 700 1931 scripsisset,
733 1841 869 1928 quidam
899 1841 963 1906 loci
993 1842 1060 1906 iam
1088 1840 1202 1906 Attico
1226 1841 1284 1906 ob-

121 1946 209 2009 scuri
236 1944 450 2030 videbantur,
473 1947 514 2011 cf.
537 1947 607 2012 Att.
630 1947 718 2012 XIH
740 1948 798 2030 32,
822 1948 858 2010 3:
889 1947 1033 2034 quelled
1059 1958 1085 2011 te
1116 1947 1151 2011 de
1182 1947 1283 2011 decem

123 2051 228 2134 leqeiir
257 2060 383 2136 scripsi,
407 2074 521 2137 porum
550 2054 713 2130 intellecti,
744 2061 813 2139 quie
842 2049 896 2114 dccl
924 2057 1059 2131 σημείων
1090 2061 1279 2137 scripseram.

122 2151 228 2218 Simul
241 2153 360 2220 litteris
377 2153 511 2228 Graecis
528 2156 676 2243 epistolis
692 2156 787 2241 quasi
798 2176 964 2240 nugarum
976 2162 1075 2239 atque
1086 2156 1284 2242 ineptiarum

121 2263 200 2321 nota
214 2257 411 2345 inprimitur,
434 2282 539 2347 aeque
561 2283 599 2327 ac
622 2263 650 2326 si
671 2284 732 2326 nos
755 2262 791 2325 in
807 2259 954 2346 epistolis
975 2260 1130 2324 litterulis
1147 2259 1285 2324 Gallicis

121 2361 176 2425 vel
198 2362 271 2427 aliis
288 2354 433 2430 imbutos
454 2388 525 2431 esse
541 2373 755 2431 ostentamus.
800 2363 840 2429 Id
862 2386 937 2429 curn
959 2363 1001 2428 ab
1023 2364 1197 2450 gravitate,
1221 2385 1286 2448 qua

121 2466 175 2531 vir
195 2466 367 2532 Romanus
395 2469 606 2553 censebatur,
636 2469 827 2535 abhorreret
856 2468 1058 2552 adderetque
1089 2469 1285 2554 grassatoris

122 2571 275 2658 speciem,
299 2572 413 2637 (licere
435 2573 470 2639 in
492 2574 638 2662 epistolis
659 2574 741 2657 illis,
772 2573 893 2659 quibus
922 2572 1014 2638 exsul
1036 2571 1185 2636 miserias
1208 2593 1284 2636 suas

122 2674 309 2763 deploravit
331 2698 481 2763 quaeque
501 2679 538 2743 in
559 2680 657 2744 tertio
679 2679 723 2744 ad
744 2679 895 2744 Atticum
915 2676 1000 2741 libro
1023 2682 1171 2759 exstant,
1194 2677 1286 2741 nullo

123 2778 250 2846 Graeco
272 2781 433 2848 vocabulo
462 2804 504 2847 ne
525 2783 655 2848 Latinis
676 2783 811 2868 quidem
832 2782 952 2847 litteris
980 2780 1101 2867 scripto
1123 2802 1203 2845 usus
1226 2787 1285 2865 est,

122 2907 199 2950 cum
226 2885 263 2949 in
292 2907 405 2952 omnes
435 2887 516 2953 alios
554 2888 657 2954 libros
689 2886 851 2953 eiusmodi
889 2884 1052 2950 vocabula
1083 2884 1286 2969 inseruisset,

121 2989 227 3075 quod,
259 2995 421 3075 quantum
447 2991 561 3076 video,
591 2993 715 3057 nemini
745 2990 853 3056 adhuc
889 2990 1010 3054 mirum
1044 2996 1123 3053 erat.
1175 2989 1287 3054 Verba

122 3095 250 3161 Graeca
278 3096 346 3160 iam
376 3095 531 3161 Baiterus
560 3096 595 3160 in
625 3118 733 3162 onom.
765 3095 850 3160 Tull.
873 3093 1000 3160 VIH3
1032 3093 1216 3178 congessit3
1239 3095 1286 3158 ibi

123 3221 198 3264 cum
218 3201 382 3266 vocabula
397 3199 525 3266 Graeca
545 3201 581 3266 in
601 3200 750 3287 linguam
765 3200 920 3264 Latinam
942 3205 1075 3284 recepta
1092 3198 1287 3283 Latinisque

123 3300 239 3368 litteris
262 3327 401 3371 excussa
415 3305 538 3370 omissa
559 3306 635 3388 sint,
658 3328 726 3371 non
747 3305 891 3369 alienum
913 3302 998 3367 duco
1021 3303 1226 3390 aproposito
1249 3325 1287 3368 ea

124 3401 187 3467 hoc
206 3405 278 3472 loco
299 3409 457 3475 conferre.
504 3408 630 3487 Quodsi
643 3431 803 3495 magnum
815 3429 990 3473 numerum
1004 3406 1285 3495 perlustrabimuS,

124 3515 268 3604 plurima
287 3518 487 3606 reperiemus
510 3520 659 3602 spectare
686 3513 729 3579 ad
751 3514 871 3577 artium
898 3512 1062 3578 bonarum
1084 3510 1285 3599 disciplinas,

23 3619 24 3622 '
125 3643 208 3706 quas
228 3620 368 3686 Graecia
389 3629 486 3710 capta
500 3620 643 3685 Romam
657 3618 808 3683 inductas
825 3638 897 3682 esse
911 3617 1081 3700 novimus,
1103 3623 1175 3718 tum
1197 3618 1287 3706 apud

125 3727 293 3791 Romanos
315 3725 644 3792 inconsuetudinem
674 3724 788 3789 venire
802 3721 927 3809 'coepit
954 3721 1170 3787 bibliothecas
1192 3722 1287 3788 insti·

124 3838 217 3895 tuere
253 3829 432 3915 liberisque
465 3829 643 3897 educandis
677 3826 889 3917 paedagogos
924 3811 1068 3890 Graecos
1102 3826 1287 3892 litterarum

123 3935 247 4023 peritos
280 3932 473 4020 praeficere3
508 3934 703 4001 commercio
742 3939 775 3997 et
809 3931 943 4019 publico
977 3935 1011 3994 et
1043 3930 1174 4017 privato
1212 3955 1287 3997 cum

125 4039 261 4105 Graecis
289 4037 458 4103 coniuncti
478 4038 622 4106 Romani
650 4037 772 4120 verba,
803 4057 887 4122 quae
916 4034 1004 4122 apud
1027 4035 1172 4101 Graecos
1195 4036 1230 4100 in
1252 4058 1287 4100 re
1373 4062 1375 4066 ³

124 4145 254 4228 navali,
289 4145 325 4208 in
357 4143 505 4230 pecuniis
540 4144 657 4210 dandis
690 4141 972 4229 accipiendisque,
1002 4140 1037 4204 in
1068 4140 1288 4204 architectura

124 4251 247 4316 usitata
262 4255 365 4334 erant,
382 4258 640 4338 assumpsenmt.
671 4249 792 4314 Exstat
806 4269 889 4335 opus
904 4269 924 4311 a
938 4245 1051 4312 Weise
1066 4244 1288 4332 conscriptum

1167 4365 1185 4427 ὁ
