2992 4726
731 263 753 337 6

160 496 189 560 si
202 495 363 577 Caesaris,
379 499 417 558 ut
433 492 581 580 exemplo
592 499 677 576 utar,
694 495 751 579 qui
766 493 913 560 diversas
927 493 976 558 rei
990 493 1142 581 publicae
1156 488 1321 576 gerendae

160 600 305 663 rationes
328 598 540 683 sequebatur,
573 604 739 663 exstarent
768 596 941 683 epistolae,
973 595 1091 681 quibus
1120 596 1176 659 ille
1206 592 1321 657 eadem

160 702 358 767 liberalitate
390 706 489 784 atque
518 700 725 785 ingenuitate
753 700 820 765 ima
848 700 991 787 pectoris
1019 699 1221 781 recluderet,
1252 719 1320 762 non

161 807 287 888 dubito,
311 805 392 889 quin
414 803 520 869 multa
541 811 660 888 essent,
684 827 767 890 quae
783 790 935 891 speciem,
958 826 1058 888 quam
1073 803 1115 867 de
1129 803 1186 867 illo
1203 801 1321 866 animis

157 909 414 975 informavimus
436 906 625 995 perfectam,
646 907 827 994 intringere
849 913 947 991 atque
968 907 1160 972 imminuere
1175 911 1320 993 possent.

161 1013 369 1097 eramquam
390 1035 433 1077 ne
449 1011 640 1076 Ciceronem
662 1012 796 1096 quidem
816 1011 925 1099 ipsum
935 1010 1076 1096 ¹fugisse,
1100 1032 1199 1095 quam
1213 1008 1321 1074 mollis

161 1121 249 1180 esset
277 1114 320 1179 ad
349 1137 460 1180 omnes
488 1136 541 1178 res
564 1123 732 1199 externas,
756 1115 931 1200 intellegas
955 1138 996 1180 ex
1017 1115 1088 1179 Att.
1110 1114 1194 1180 VIH
1218 1114 1268 1196 14,
1291 1113 1321 1195 2,

162 1241 227 1304 quo
249 1219 322 1284 loco
338 1219 450 1284 Attico
473 1218 684 1305 vituperanti,
708 1219 797 1305 quod
812 1220 933 1285 totiens
949 1220 1146 1284 sententiam
1168 1222 1322 1299 mutaret,

160 1322 338 1410 respondet
365 1347 397 1388 ee
425 1343 494 1388 cem
519 1324 572 1387 illo
604 1336 752 1403 taraucam
774 1346 870 1389 secem
894 1327 990 1411 loqui·
1022 1336 1228 1410 queritantem
1257 1344 1323 1385 esse

161 1441 243 1493 tenta
266 1428 379 1515 quidem
402 1426 507 1507 dere,
536 1437 606 1512 quin
633 1439 717 1492 cerie
739 1451 840 1494 aecum
869 1438 935 1515 ipae
964 1429 1150 1515 disputaret?
1193 1424 1324 1490 Deinde

162 1529 263 1595 affero
286 1529 357 1594 Att.
380 1532 434 1596 IX
457 1531 493 1612 1,
516 1532 552 1594 3:
583 1532 676 1596 codic
706 1533 792 1596 bonis
818 1542 905 1615 ciris,
936 1543 986 1620 qui
1016 1544 1043 1596 et
1069 1553 1148 1596 none
1177 1542 1206 1594 et
1233 1552 1323 1614 saepe

162 1647 251 1699 antea
273 1656 385 1719 meque
411 1634 569 1721 praesidio
599 1645 646 1698 rei
670 1637 809 1721 publicae
834 1637 971 1722 suerunt,
1001 1637 1081 1716 bone
1109 1642 1322 1699 cunctationem

161 1760 222 1801 aon
248 1739 379 1823 probari
410 1741 557 1825 multaque
585 1748 616 1802 ia
646 1761 694 1802 me
725 1751 754 1805 et
781 1762 884 1805 secere
912 1750 944 1805 ia
975 1748 1118 1803 conviciis
1148 1745 1323 1822 tempestivis

162 1841 280 1928 quidem
303 1841 458 1928 disputari.
503 1840 588 1904 Tum
609 1841 686 1906 vide
708 1843 779 1909 Att.
802 1845 873 1908 XII
894 1845 946 1925 38,
969 1844 1006 1907 3:
1039 1842 1118 1929 qood
1134 1854 1225 1927 putes
1244 1860 1322 1924 per-

161 1945 256 2009 videri
278 1954 340 2030 iem
363 1954 454 2010 enimi
483 1954 541 2009 mei
559 1948 734 2028 firmitatem
763 1958 943 2034 proniusque
973 1946 1116 2034 quosdam
1146 1946 1254 2009 scribis
1284 1945 1323 2008 de

161 2069 210 2112 me
232 2051 312 2135 loqui
334 2071 424 2136 qoam
446 2061 497 2114 eet
519 2061 545 2113 te
567 2050 700 2114 scabere
722 2064 775 2116 cet
794 2053 934 2116 Brutum:
968 2061 1010 2128 si,
1041 2059 1090 2136 qai
1120 2072 1165 2113 me
1190 2049 1322 2133 fractum

130 2198 133 2204 -
161 2175 227 2216 erae
248 2163 350 2217 animo
372 2163 400 2216 et
421 2152 601 2217 debilitatum
620 2165 744 2239 potent,
771 2164 881 2234 scient,
909 2154 980 2241 qaid
999 2156 1166 2219 litterarum
1189 2165 1219 2217 et
1238 2162 1323 2217 coiea

159 2266 281 2341 pererit
304 2260 475 2340 conficiam,
506 2257 616 2338 credo,
646 2259 788 2323 simodo
810 2260 946 2323 tornines
968 2268 1041 2336 ant,
1071 2268 1239 2322 eristimeet
1264 2279 1322 2338 me,

161 2369 225 2424 aive
246 2370 288 2425 ite
315 2363 429 2424 lebetes
451 2369 524 2440 eim,
555 2375 587 2426 et
608 2372 743 2427 enimam
769 2384 895 2426 vacuum
925 2362 966 2426 ed
996 2384 1045 2427 ree
1074 2363 1214 2447 difficiles
1242 2371 1323 2426 scri-

162 2464 273 2528 bendos
295 2463 433 2548 efferam,
457 2466 734 2550 reprehendendam
755 2490 815 2532 aon
830 2490 903 2549 esee,
927 2477 987 2531 aioe
1009 2468 1086 2531 banc
1102 2468 1323 2530 aberrationem

162 2568 309 2632 adolere
331 2565 507 2654 deteqerim,
537 2592 612 2656 quae
642 2580 769 2635 menime
794 2572 1004 2636 liberalissima
1027 2572 1173 2658 doctoque
1201 2572 1323 2635 tentiae

161 2672 355 2756 dipnieeimc,
385 2672 511 2737 laudari
533 2695 580 2738 me
601 2684 690 2740 etiem
713 2687 861 2761 oportere.
912 2674 1036 2759 Magno
1059 2674 1201 2758 denique
1223 2673 1323 2738 docu-

161 2779 283 2857 mento,
308 2774 398 2859 quali
412 2775 525 2840 Cicero
547 2777 682 2863 ingenio
697 2777 806 2855 fuerit,
830 2783 880 2841 est
895 2778 1034 2864 epistola
1056 2778 1099 2842 ad
1112 2778 1182 2842 Att.
1197 2778 1251 2841 IX
1271 2777 1321 2841 10.

164 2878 256 2956 Quae
278 2877 388 2944 omnia
410 2879 439 2944 si
454 2881 693 2968 contemplatus
718 2882 792 2966 eris,
816 2881 974 2947 concedes
989 2882 1024 2945 in
1041 2881 1199 2946 Cicerone
1221 2880 1324 2945 fuisse
1367 2905 1372 2912 ·

160 2987 315 3047 naturam
338 2983 505 3067 quandam
525 2984 699 3071 poeticam,
723 3007 807 3069 quae
821 3008 931 3050 rerum
946 2987 981 3052 vi
996 2986 1163 3070 animique
1178 2985 1323 3049 affectio-

161 3085 261 3150 nibus
292 3107 390 3174 saepe
415 3088 514 3164 nimis
542 3095 790 3174 permoveretur
820 3089 1031 3175 evolaretque
1061 3091 1159 3155 altius
1190 3090 1255 3173 ita,
1285 3096 1324 3154 ut

162 3190 194 3255 ei
215 3190 326 3256 animo
356 3191 493 3256 sterria
520 3191 684 3277 rebusque
711 3193 866 3259 humanis
896 3199 1048 3260 sevocato
1077 3193 1244 3258 interdum
1270 3215 1322 3258 res

161 3314 229 3359 non
250 3295 364 3380 quales
385 3318 500 3383 reapse
522 3301 630 3380 erant,
662 3296 722 3362 sed
743 3303 911 3383 tamquam
932 3296 1065 3384 speculo
1088 3296 1231 3381 quodam
1252 3296 1323 3361 obi-

162 3405 324 3466 cerentur.
370 3400 496 3479 Quodsi
518 3405 612 3466 tanta
637 3399 843 3488 ingenuitate
873 3421 958 3487 quae
987 3400 1134 3464 animum
1162 3399 1324 3487 pellerent

163 3509 262 3589 atque
284 3510 457 3569 moverent
478 3505 615 3592 aperuit,
639 3505 712 3590 quis
735 3505 865 3591 estqui
886 3503 968 3568 vitio
991 3503 1122 3569 vertat?

247 3607 316 3672 Sed
335 3608 451 3674 redeat
470 3609 549 3674 illuc
570 3607 659 3674 unde
682 3608 848 3674 aberravit
869 3607 990 3690 orati03
1014 3614 1126 3692 restat,
1150 3613 1188 3672 ut
1207 3608 1322 3695 paucis

161 3712 357 3800 perlustrem
396 3734 510 3778 eorum
543 3714 661 3797 libros,
696 3714 754 3800 qui
786 3712 828 3777 de
861 3733 1011 3777 sermone
1044 3735 1109 3798 quo
1144 3712 1257 3778 Cicero
1287 3712 1321 3777 in
1362 3742 1367 3756 ¹

161 3815 310 3903 epistolis
331 3837 411 3882 usus
426 3823 486 3902 est,
510 3818 618 3903 quoad
641 3817 684 3883 a'd
700 3817 855 3905 epistolas
877 3816 991 3881 Attico
1012 3817 1130 3882 missas
1144 3817 1322 3905 pertinent,

160 3920 370 4007 scripserunt.
407 3921 459 3987 Ac
480 3923 624 4011 primum
646 3922 779 4008 quidem
794 3942 1012 3987 commemoro
1035 3921 1196 3987 editiones
1210 3922 1320 4008 Freyi,

161 4023 353 4109 Hofmanni,
376 4024 513 4113 Suepfli,
536 4049 621 4112 quae
643 4033 768 4113 quanta
790 4026 858 4091 sint
879 4027 1083 4112 praestantia
1103 4025 1182 4090 inde
1204 4026 1321 4110 elucet,

161 4127 251 4213 quod
270 4128 390 4194 iterum
412 4150 451 4195 ac
472 4132 604 4219 saepius
634 4132 681 4197 ais
703 4131 761 4217 qui
789 4129 945 4218 epistolas
975 4129 1114 4196 selectas
1136 4127 1322 4196 adnotatio-

159 4231 259 4301 nibus
280 4231 530 4304 illustraverrmt
554 4240 660 4306 morte
688 4233 852 4324 destructis
881 4233 978 4308 novio
1004 4230 1209 4304 editionibus
1237 4253 1322 4324 opus
