2992 4726
653 243 821 356 ’,11-

249 481 385 552 obtento
405 505 438 542 :
457 477 558 566 erig0‚
582 480 684 545 semel
698 478 825 545 dictum
844 502 896 569 ap.
912 478 992 564 Oia,
1015 481 1104 566 quod
1119 484 1258 550 verbum
1273 506 1326 573 ap.

164 584 285 671 Georg.
308 585 443 651 omnino
466 584 688 650 desideratur:
720 607 790 671 spes
812 587 959 672 quaedam
980 608 1029 652 me
1052 590 1232 669 attentabat,
1254 588 1325 655 Aa.

163 688 352 773 rxrua
425 713 427 717 Α

250 812 392 900 Pellcgc.
427 810 506 876 Sine
521 810 609 876 iusta
624 833 725 876 causa
740 810 883 876 Orellius
894 810 966 875 Aa.
981 811 1070 876 ΧΙΠ
1084 812 1137 896 44,
1161 813 1329 900 2perlepet

162 917 306 983 mutavit
325 936 386 1002 prc
404 916 548 1003 pellepet;
577 938 656 980 nam
677 916 781 981 Prisc.
804 915 1106 1000 [nst.gramm.11
1133 916 1188 1000 10,
1219 940 1251 1004 p.
1274 917 1327 1000 50,

163 1023 185 1085 5
213 1020 257 1084 Η.
286 1019 386 1106 plane
418 1018 499 1084 dicit
522 1029 553 1085 lu
584 1031 755 1108 compositis
785 1022 957 1108 quibusdam
986 1044 1018 1084 se
1044 1030 1179 1086 invenire
1208 1045 1226 1085 r
1252 1031 1284 1087 ia
1316 1023 1329 1086 l

165 1134 312 1208 conanti,
334 1135 367 1189 at
383 1125 504 1212 pellepo
521 1147 583 1213 pro
603 1129 746 1213 perlepo,·
768 1125 868 1189 etiam
890 1124 963 1190 Vel.
985 1124 1093 1211 Long.
1116 1126 1159 1190 65
1180 1125 1232 1189 K:
1256 1147 1329 1212 „per

162 1237 350 1316 praepositio
381 1232 517 1296 omnibus
542 1241 663 1318 intepra
689 1238 910 1317 praeponitur,
942 1240 1002 1295 aisa·
1033 1253 1096 1295 cam
1124 1230 1233 1295 taetde't
1256 1239 1288 1294 ia
1317 1232 1329 1294 l

165 1334 294 1397 litteram
322 1334 452 1416 adfinem
480 1346 712 1413 concatenata,
746 1355 836 1421 qaam
864 1334 1060 1419 elepaatiorte
1086 1344 1239 1400 sermonis
1269 1343 1329 1400 atre

162 1447 320 1522 pemiaare
344 1439 465 1504 malunt
489 1461 579 1526 quam
610 1463 628 1503 r
654 1442 782 1505 litteram
809 1443 1011 1525 exprimere.“
1061 1437 1197 1503 Adnoto
1223 1437 1329 1502 Lucil.

165 1539 234 1605 Sat.
256 1542 328 1625 IX,
350 1564 382 1628 p.
408 1541 487 1625 179,
518 1543 583 1608 268
604 1544 660 1626 B.;
682 1544 790 1608 Plaut.
813 1541 907 1606 Asin.
932 1542 1012 1626 747,
1036 1541 1156 1607 Pseud.
1179 1540 1231 1606 29.
1255 1541 1328 1606 976.

248 1664 443 1734 Pracfulcio.
487 1663 558 1729 Ast.
582 1665 614 1730 V
645 1665 702 1746 13,
732 1664 753 1726 2
782 1663 859 1728 illud
877 1664 1032 1750 praefulci
1055 1676 1140 1751 atque
1157 1672 1330 1751 praemunt,

163 1787 225 1831 nos
251 1766 393 1832 dicimus
426 1766 595 1854 cntharum
629 1767 669 1833 ef.
698 1767 844 1850 Lorenz,
877 1767 953 1832 adn.
986 1767 1029 1834 ad
1050 1767 1171 1832 Pseud.
1200 1789 1232 1832 v.
1256 1766 1330 1830 750.
1417 1776 1418 1781 ’

162 1871 284 1935 Postea
306 1893 357 1958 ap.
382 1871 468 1936 Geli.
491 1871 559 1938 VH
580 1872 615 1956 3,
637 1871 691 1936 44.

250 1993 360 2062 Verba
382 1995 624 2083 frequentativa
646 1994 754 2059 sciens
775 1999 960 2082 praetereo,
985 2014 1060 2057 eum
1082 1998 1197 2057 contra
1218 1991 1330 2056 Land-

163 2096 308 2184 grafium
330 2101 373 2187 (p.
396 2099 471 2183 320)
502 2104 647 2164 statuam
676 2121 715 2164 ea
746 2098 835 2187 apud
858 2098 1050 2164 Ciceronem
1077 2095 1176 2161 etiam
1198 2096 1233 2161 in
1254 2118 1328 2183 epp.

162 2202 330 2290 propriam
360 2208 395 2269 et
423 2203 607 2291 principem
637 2202 707 2268 vim
735 2201 878 2267 iterandi
904 2199 998 2266 tueri.
1045 2200 1199 2266 Ceterum
1219 2201 1331 2266 Land-

163 2306 268 2391 grafic
304 2329 372 2372 non
410 2307 541 2372 silentio
574 2305 904 2395 praetermittendum
941 2309 1012 2370 erat
1043 2303 1114 2368 Aa.
1150 2305 1182 2370 V
1217 2305 1276 2389 21,
1310 2306 1331 2370 5

164 2409 342 2475 lectionem
370 2415 535 2478 transitaret
563 2434 603 2476 ex
625 2410 719 2474 Bosii
749 2431 834 2494 quae
858 2413 1021 2473 vocantur
1043 2407 1143 2473 scidis
1166 2415 1332 2498 sumptam

166 2534 253 2595 esse,
288 2535 363 2578 cum
393 2497 491 2582 lectic
516 2515 605 2581 Med.
640 2515 684 2579 sit
710 2515 917 2597 „transitam“‚
951 2533 1051 2596 quam
1072 2511 1332 2600 Wesenbergius

168 2617 324 2682 asterisco
346 2618 454 2705 posito
477 2620 610 2708 recepit,
633 2618 788 2683 Baiterus
810 2617 894 2702 legit
915 2618 1015 2700 „lulla
1038 2619 1101 2702 lepe
1123 2622 1278 2684 transita.“

252 2753 373 2842 Verba*
395 2777 476 2847 quae
499 2761 617 2829 notun
633 2758 836 2846 significant:
860 2753 1041 2841 Landgraf,
1064 2777 1096 2841 p.
1120 2755 1198 2839 3255
1221 2755 1331 2821 Thiol-

165 2851 276 3029 niapp,
300 2845 382 2931 tlte
404 2861 450 2930 bie
466 2861 600 2948 &praete
616 2864 676 2932 aab
692 2861 789 2932 arat
811 2861 865 2930 bet
882 2859 983 2929 tutela.
1005 2859 1328 2946 upntnuieetoaunt,

163 2988 195 3052 p.
263 3013 270 3029 ·

249 3087 291 3151 ln
302 3109 452 3153 sermone
468 3089 635 3154 cotidiano
646 3088 750 3155 verba
761 3088 949 3158 ambulandi
961 3093 995 3151 et
1006 3087 1146 3156 radendi
1157 3085 1332 3173 paullatim

165 3191 298 3256 omnino
328 3192 365 3256 in
392 3193 503 3257 locum
532 3194 628 3259 verbi
653 3195 743 3259 eunde·
772 3192 969 3256 successisse
997 3190 1063 3254 iam
1084 3189 1163 3254 inde
1185 3198 1330 3278 apparet,

164 3293 254 3378 quod
275 3295 333 3360 illa
354 3296 458 3364 verba
478 3297 515 3360 in
536 3297 668 3384 linguas
690 3298 860 3362 Romanas
888 3299 1020 3382 recepta
1046 3301 1133 3360 sunt.
1177 3295 1332 3381 Inprimis

163 3398 200 3462 in
214 3399 326 3464 Plauti
341 3407 375 3465 et
390 3400 525 3466 Terenti
537 3398 661 3464 fabulis
677 3400 843 3488 permulta
858 3399 1008 3485 exempla
1022 3399 1190 3485 leguntur,
1212 3399 1332 3484 quibus

164 3501 382 3573 demonstrari
403 3510 513 3592 potest
535 3503 705 3568 ambulare
726 3504 814 3569 idem
835 3503 981 3569 valuisse
1004 3502 1093 3587 quod
1116 3503 1216 3587 abire,
1239 3503 1333 3569 velut

163 3605 262 3691 Epid.
294 3607 358 3671 377
394 3608 535 3696 Epidico
570 3632 603 3673 ee
635 3610 719 3674 altre
752 3607 875 3673 dicenti
909 3607 1100 3695 Stratippus
1134 3606 1331 3693 respondet:

164 3711 238 3774 bene
259 3713 423 3791 ambulatu·
447 3713 542 3776 Ourc.
562 3712 625 3776 621
649 3711 692 3776 ad
712 3711 816 3777 verba
831 3713 966 3795 putata
987 3721 1019 3776 la
1035 3714 1100 3776 iue“
1114 3710 1333 3798 respondetur

164 3837 244 3895 „aon
266 3817 335 3895 eo“,·
358 3815 458 3880 etiam
479 3817 552 3882 aliis
573 3816 656 3882 locis
675 3816 787 3881 variae
806 3815 989 3881 locutiones
1004 3819 1216 3902 usurpantur,
1238 3814 1333 3880 velut

165 3917 261 3983 Cure.
285 3919 366 3984 624:
397 3923 518 3988 ambula
539 3932 571 3987 ia
597 3931 662 4000 lua·
696 3921 768 3984 Ter.
791 3918 924 3984 Phorm.
948 3919 1028 3983 936:
1059 3929 1091 3984 ta
1116 3929 1168 3997 ,ius
1193 3921 1332 3996 ambula,-

123 4038 125 4042 “
165 4010 281 4105 contra
294 4024 402 4089 Plaut.
419 4025 516 4089 'linc
538 4026 618 4089 839:
641 4047 754 4104 eamus,
777 4036 816 4103 ta,
838 4034 869 4089 ia
892 4035 947 4104 tue,
970 4028 1009 4088 ut
1025 4023 1200 4109 intellegas
1220 4025 1333 4090 Plauti

165 4133 198 4191 et
220 4128 355 4193 Terenti
374 4128 588 4194 aetateduas
611 4129 794 4194 locutiones
815 4149 882 4192 unc
904 4134 1053 4213 tempore
1074 4127 1110 4190 in
1133 4148 1198 4192 usu
1217 4126 1330 4193 fuisse.

164 4230 295 4297 Deinde
317 4232 531 4299 memorabile
553 4233 638 4299 duco
660 4238 778 4300 votum
799 4234 890 4316 „leae
911 4235 1055 4311 ambula“,
1081 4229 1172 4317 qued
1194 4231 1333 4296 eandem
