2992 4726
676 255 831 359 *su—

254 484 510 551 Mercedulu
533 485 563 565 1)
588 483 724 570 gellagii
746 485 846 572 dolui:
869 485 1042 551 mercedula
1062 486 1197 563 adducti,
1221 484 1262 549 de
1285 506 1329 548 or.

168 590 267 673 145,
300 591 380 673 198;
412 590 444 672 2)
468 587 586 674 gotinge
608 587 806 675 (dtttdqnillet
837 601 869 654 ut
897 600 1109 654 constituerem
1137 589 1331 654 mercedulos

164 697 373 782 praediorum,
394 693 466 758 Au.
489 691 579 756 XIII
600 691 649 755 11.

253 796 562 878 Munusculum,
586 794 675 864 1ῖείοε
697 794 793 872 (Iube,
816 795 909 859 velut
931 795 1030 878 ffitiel,
1054 796 1188 881 010051,
1211 799 1331 861 Erotem

167 927 228 968 non
250 913 314 967 sinc
335 902 508 967 munusculo
530 912 707 986 cospecture
729 900 815 979 dicis,
837 900 909 963 An.
933 900 1019 965 XVI
1040 902 1071 983 3,
1097 903 1130 982 1,
1155 911 1331 966 concinnavi

168 1008 219 1071 tibi
241 1007 453 1085 munusculum,
476 1002 616 1067 Trebon.
637 1003 674 1067 in
690 1025 763 1090 epp.
779 1004 851 1068 XII
868 1004 917 1085 16,
934 1003 969 1084 3,
994 1017 1086 1069 totam
1108 1007 1234 1070 insulam
1257 1015 1333 1069 sicut

168 1109 293 1196 aliquod
315 1133 350 1173 m.
376 1109 576 1186 condonares,
599 1106 692 1172 Verr.
716 1107 841 1171 Π185.

253 1212 485 1278 Naviculu:
509 1212 550 1275 ad
570 1213 676 1297 epulas
706 1213 831 1276 Vestorii
853 1215 998 1292 nauicula,
1021 1212 1093 1277 Au.
1109 1212 1195 1276 XIV
1217 1213 1269 1295 20,
1293 1214 1329 1295 5,

164 1341 261 1405 paruo
277 1327 396 1403 naoiqio
411 1316 448 1379 X
464 1315 515 1398 11,
531 1315 570 1397 4,
594 1314 635 1380 cf.
652 1337 698 1380 or.
715 1316 824 1380 Flauo.
841 1316 898 1398 29,
923 1317 1017 1381 Verr.
1033 1315 1064 1380 V
1080 1316 1138 1397 98,
1163 1316 1253 1394 Quin.
1271 1317 1330 1400 20,

167 1419 260 1485 Caes,
282 1419 321 1484 B.
347 1419 386 1484 G.
410 1420 429 1484 Ι
450 1421 502 1502 53,
525 1420 562 1501 3,
595 1418 634 1481 Β.
659 1419 695 1483 0.
717 1419 753 1483 H
775 1421 805 1503 3,
829 1420 865 1503 2,
887 1420 940 1484 ΙΠ
965 1420 1042 1502 104,
1066 1420 1095 1502 2,
1118 1418 1158 1482 Β.
1182 1418 1254 1484 Afr.
1277 1421 1330 1484 44.

251 1522 531 1610 Negotiolum:
556 1536 605 1587 tua
628 1546 655 1587 n.
680 1523 830 1610 (negotiu
853 1523 967 1607 Orelli)
991 1527 1060 1589 mili
1083 1545 1176 1588 curae
1194 1525 1329 1610 fuerunt,

165 1628 283 1694 Amv
307 1628 356 1710 13,
381 1627 419 1710 2,
442 1637 502 1692 erit
522 1636 622 1691 neseio
645 1627 718 1713 quid
740 1629 889 1712 neqotioli,
913 1627 951 1704 Q.
973 1628 1012 1692 fr.
1035 1628 1088 1691 HI
1109 1628 1140 1709 4,
1165 1628 1201 1709 6,
1224 1651 1273 1692 me
1295 1629 1331 1693 de

167 1734 308 1819 Torquati
328 1732 480 1817 neyotiolo
503 1739 643 1794 sciturum
661 1742 745 1816 puto,
767 1730 838 1794 Ati.
860 1729 947 1795 XVI
971 1731 1020 1813 11,
1043 1731 1073 1793 8.

256 1833 482 1900 Nummuli
513 1832 560 1909 tiit
592 1833 677 1916 Vlaut
712 1832 879 1918 (IltoItIJenz
917 1846 946 1898 tu
978 1845 1004 1898 si
1036 1835 1188 1900 blanditiis
1223 1847 1280 1901 tuis
1311 1861 1331 1902 a

99 1975 103 1981 ·
166 1944 316 2026 Sicyoniis
330 1932 550 2003 nummulorum
565 1936 679 2022 aliquid
692 1947 889 2022 represseris,
906 1936 977 2000 Au.
993 1936 1011 1999 I
1029 1937 1079 2018 19,
1096 1938 1134 2021 9,
1158 1942 1275 2027 aliquid
1289 1965 1328 2018 n,

163 2044 257 2109 Verr.
274 2042 324 2108 IV
345 2041 406 2123 53,
429 2041 505 2106 nilil
521 2063 654 2126 prorsus
676 2040 761 2105 aliud
783 2052 891 2105 curant
912 2050 971 2104 nisi
994 2062 1094 2124 uaros,
1118 2053 1178 2107 nisi
1200 2045 1328 2123 villulas,

164 2158 223 2214 nisi
246 2167 360 2214 numm.
383 2168 464 2227 suos,
487 2143 558 2207 An.
582 2143 666 2210 VIII
690 2143 740 2227 13,
765 2143 795 2206 2.

251 2248 546 2315 Oratiuncula:
576 2250 779 2313 oratiunculas
801 2256 929 2326 mittam,
951 2247 1023 2312 Au.
1047 2250 1082 2313 Π
1108 2251 1137 2334 1,
1161 2252 1197 2334 3,
1225 2274 1328 2339 proq-

163 2366 279 2421 nostica
300 2378 363 2419 mea
385 2375 448 2418 cum
472 2353 678 2426 oratiunculis,
699 2351 780 2434 Π1,
799 2352 854 2433 11,
878 2352 920 2416 ad
937 2355 1019 2417 Caes.
1042 2377 1110 2418 eam
1132 2379 1164 2419 se
1187 2367 1327 2422 oratiun-

164 2463 262 2526 culam
284 2469 415 2536 misisse,
445 2457 534 2520 XIII
558 2456 612 2539 19,
643 2456 678 2537 2,
711 2466 795 2520 cuius
826 2456 861 2520 de
891 2460 1098 2536 oratiuncula,
1129 2458 1198 2524 XV
1225 2460 1259 2542 3,
1290 2461 1326 2542 2,

165 2563 345 2629 decadem
372 2583 408 2626 re
432 2561 499 2625 Oic.
513 2559 605 2624 «dicit
626 2558 697 2623 Au.
720 2559 789 2625 XV
810 2559 846 2642 4,
869 2561 889 2622 3
912 2571 1030 2640 „oratio
1053 2564 1167 2628 Bruti‘.
1214 2563 1328 2646 (Plura

164 2689 197 2734 v.
222 2689 273 2754 up.
298 2666 442 2751 Georg.).

248 2769 612 2835 Posses'siuncula:
636 2777 749 2832 maiori
773 2767 932 2852 offensioni
953 2791 1124 2849 essequam
1139 2770 1329 2836 delectationi

158 2901 192 2963 p.
215 2897 308 2953 meas,
330 2873 402 2937 Ati.
425 2872 514 2936 XIII
536 2873 588 2956 23,
611 2873 642 2936 3.

247 2977 527 3043 Praediolum:
558 2987 589 3041 in
619 2985 657 3040 iis
686 2984 762 3040 mne
787 2999 853 3062 pm,
882 2974 953 3040 An.
976 2974 1048 3039 XII
1068 2975 1125 3059 40,
1156 2979 1193 3059 3,
1223 2989 1255 3042 in
1274 3001 1326 3065 pr.

161 3094 284 3163 nostris,
307 3082 393 3148 XVI
415 3083 445 3163 3,
467 3081 504 3162 4,
527 3081 585 3145 illa
603 3104 634 3167 p.
657 3079 747 3144 XIII
769 3078 799 3161 9,
823 3079 853 3143 2.

248 3185 493 3251 Pratulum:
515 3194 547 3248 in
570 3196 675 3249 nostro
693 3203 755 3270 pr,
777 3182 848 3247 An.
871 3183 943 3247 XII
964 3185 994 3267 6,
1017 3184 1047 3248 2.

246 3288 567 3370 Raudusculum,
587 3287 676 3356 {ltine
692 3287 838 3356 &ummet
860 3287 896 3351 de
911 3289 1097 3354 raudusculo
1113 3289 1195 3376 quod
1210 3293 1326 3368 scribis,

161 3394 231 3460 An.
244 3394 294 3459 IV
307 3394 364 3477 8u,
381 3395 417 3475 1;
442 3393 478 3457 de
493 3416 518 3455 r.
531 3393 706 3469 Puteolano,
721 3400 847 3475 oratum,
863 3390 912 3455 VI
926 3392 958 3475 8,
975 3393 1012 3475 5,
1037 3393 1075 3457 de
1090 3416 1115 3456 r.
1131 3395 1326 3473 Numeriano,

160 3501 282 3565 multum
304 3510 331 3564 te
346 3521 425 3577 amo,
440 3496 508 3563 VH
523 3497 553 3580 2,
571 3496 607 3579 7,
630 3517 684 3560 neo
707 3495 874 3559 mehercule
896 3518 940 3560 me
961 3520 986 3560 r.
1003 3509 1104 3575 mouet,
1126 3495 1212 3561 XIV
1229 3498 1279 3579 14,
1296 3498 1325 3560 5.

247 3601 468 3667 Sedeouln:
491 3603 568 3666 malo
591 3611 623 3666 in
642 3601 700 3666 illc
719 3612 769 3664 tua
788 3621 811 3662 s.
827 3598 931 3664 sedere
947 3623 1032 3687 qnam
1048 3610 1079 3665 in
1096 3610 1223 3665 istorum
1239 3602 1323 3679 sella,

161 3703 232 3771 An.
255 3704 305 3770 IV
328 3705 378 3789 10,
404 3706 432 3770 1.

247 3809 405 3873 Villula
419 3814 451 3873 et
466 3830 607 3895 parvum
622 3814 654 3873 el
667 3808 816 3894 lepidum
831 3807 1011 3894 significat:
1036 3817 1147 3873 circum
1162 3831 1187 3876 o.
1203 3821 1326 3875 nostras

161 3936 279 3993 errare,
295 3912 367 3978 Au.
383 3912 468 3977 VIII
484 3914 514 3996 9,
530 3914 566 3995 3,
590 3916 666 3979 nilil
685 3915 767 3980 aliud
788 3925 897 3978 curant
910 3922 969 3978 nisi
992 3934 1092 3997 uaros,
1116 3919 1175 3978 n'ici
1194 3915 1325 3995 oillulas,

161 4018 246 4083 VIII
270 4018 327 4099 13,
352 4018 390 4099 2,
422 4019 529 4083 oillula
557 4018 681 4082 sordida
703 4030 732 4083 et
752 4019 838 4084 ualde
856 4020 986 4105 pusilla,
1018 4015 1089 4080 Ait.
1111 4016 1183 4080 XII
1205 4017 1263 4095 27,
1287 4017 1324 4099 1,

163 4145 216 4188 our
245 4125 361 4188 ocellos
392 4123 498 4187 Italiae
525 4122 643 4187 villulas
665 4142 748 4187 meas
776 4146 838 4188 non
868 4121 974 4200 uideo,
1006 4119 1077 4185 Au.
1100 4119 1187 4186 XVI
1215 4121 1253 4204 6,
1284 4121 1321 4202 2,

163 4225 306 4295 ofiHOr.
330 4223 687 4309 su.15,45;113,
712 4226 777 4291 10..
