2992 4726
731 241 753 334 l

667 356 821 364 ——--

169 492 278 558 stu‘dia
300 487 483 572 oblectant,
512 487 608 555 brevi
637 498 816 578 conspectu
842 490 968 555 discere
995 490 1138 578 possint,
1171 499 1331 578 quantum

169 596 367 685 profecerint
381 595 588 659 recentiores.
629 595 765 660 Praeter
778 595 881 660 libros
896 595 963 659 illic
978 597 1192 682 perlustratos
1207 621 1330 664 memo·
1361 589 1364 593 ’

168 700 289 765 rabiles
318 706 397 764 sunt
425 698 654 763 adnotationes
683 721 764 784 quas
793 700 982 785 nuperrime
1012 700 1055 763 ad
1080 701 1240 785 quosdam
1262 703 1330 788 epi-

169 806 326 870 stolarum
359 803 402 867 ad
433 802 583 866 Atticum
614 803 704 867 locos
737 803 778 867 A.
814 802 893 868 Otto
927 802 1007 868 fecit
1039 804 1075 868 in
1104 805 1189 869 Mus.
1221 805 1329 870 Rhen.

168 909 248 995 phil.
271 908 364 990 XLI,
388 907 418 972 3.
443 906 535 970 1886.
580 906 754 972 Accedunt
776 906 985 993 quaestiones
1008 909 1179 973 Tullianae
1202 932 1221 973 a
1242 909 1329 974 Leh-

73 1072 74 1078 ,
168 1034 288 1078 manno
316 1011 506 1094 institutae,
537 1011 675 1096 quarum
701 1034 778 1099 pars
807 1012 913 1099 prima
941 1014 1091 1099 proxim0
1125 1034 1211 1077 anno
1240 1012 1329 1077 foras

168 1119 256 1182 exiit.
300 1117 378 1182 Jam
399 1121 518 1201 parant
539 1114 611 1199 alii,
634 1115 749 1199 audio,
772 1116 927 1203 epistolas
955 1116 998 1180 ad
1020 1117 1212 1182 Ciceronem
1235 1116 1329 1181 datas

168 1221 360 1307 diligentius
391 1240 490 1303 quam
519 1225 595 1283 ante
625 1219 821 1306 depingere:
848 1220 962 1304 itaque
991 1226 1121 1308 tempus
1149 1226 1200 1284 est
1220 1220 1329 1306 ipsum

168 1347 298 1410 quoque
320 1345 403 1410 opus
426 1320 564 1408 aggredi
592 1325 626 1386 61
655 1324 691 1388 in
713 1324 884 1410 publicum
913 1323 1044 1411 prodire
1065 1325 1328 1412 pervulgantem,

167 1451 251 1515 quae
265 1428 301 1493 in
311 1427 452 1513 legendo
465 1427 632 1510 adnotavi,
648 1449 690 1491 ne
702 1427 828 1492 tardius
842 1429 1051 1495 incedentem
1059 1428 1251 1515 relinquant
1262 1429 1327 1493 alii.

252 1532 306 1595 Ex
332 1532 397 1614 eis,
428 1553 512 1615 quae
540 1530 638 1619 modo
667 1530 826 1615 1111111116,
854 1539 991 1619 apparet
1027 1533 1199 1598 doctorum
1229 1553 1329 1618 opera

166 1642 266 1721 atque
286 1634 450 1700 industria
471 1656 541 1698 rem
561 1634 629 1698 iam
650 1658 688 1701 eo
710 1636 904 1723 perductam
926 1660 1014 1721 esse,
1038 1643 1076 1702 ut
1096 1659 1185 1702 nova
1207 1638 1328 1723 episto-

165 1740 272 1804 larum
303 1739 403 1803 editio
434 1738 581 1824 pristinis
612 1740 710 1826 plane
741 1738 908 1806 dissimilis
938 1741 1050 1807 firtura
1078 1743 1122 1806 sit
1155 1746 1188 1806 et
1217 1740 1327 1805 verbis

165 1844 271 1931 ipsius
293 1843 462 1929 scriptoris
484 1843 645 1908 rest'tutis
668 1849 703 1908 et
722 1851 881 1931 apparatu
904 1868 1002 1931 quern
1023 1846 1191 1933 appeliant
1213 1845 1327 1908 critico

167 1949 314 2035 dispecto
343 1953 376 2011 61
404 1948 616 2034 epistolarum
642 1947 755 2013 ordine
784 1951 974 2038 composito.
1019 1950 1067 2014 At
1087 1948 1237 2014 nondum
1259 1970 1327 2012 orn-

165 2053 265 2118 nibus
294 2052 393 2116 rebus
423 2053 649 2136 quaestionem
677 2053 718 2117 de
748 2054 895 2140 epistolis
924 2054 1141 2142 profligatam
1163 2059 1262 2137 atque
1285 2052 1327 2116 ad

166 2158 292 2222 exitum
322 2156 498 2221 adductam
530 2179 601 2220 esse
636 2156 700 2220 hac
737 2155 960 2243 disputatione
997 2158 1211 2245 comprobare
1245 2157 1328 2220 mihi

164 2261 295 2327 videor:
325 2261 476 2327 nondum
509 2261 597 2325 enim
625 2281 738 2325 omnes
774 2261 945 2347 opiniones
979 2283 1153 2347 perversae
1186 2261 1326 2325 reiectae

165 2372 258 2448 sunt,
289 2365 438 2430 nondum
460 2364 626 2429 Ciceronis
653 2365 689 2429 in
718 2364 866 2452 epistolis
889 2365 1021 2431 dicendi
1040 2387 1147 2450 genus
1169 2365 1248 2430 satis
1271 2387 1326 2428 ex-

163 2471 335 2557 planatum
357 2476 417 2534 est.
462 2469 630 2535 Nonnulla
651 2468 740 2533 enim
761 2468 863 2534 verba
878 2469 1095 2535 Ciceroniana
1117 2490 1188 2534 esse
1210 2469 1325 2533 etiam-

76 2643 80 2652 ,
164 2597 253 2639 nunc
280 2580 455 2662 putantur,
485 2595 570 2659 quae
599 2573 733 2638 omnino
761 2595 830 2638 non
853 2573 1036 2657 Ciceronis,
1068 2573 1127 2637 sed
1153 2574 1195 2638 ab
1224 2596 1262 2638 66
1285 2596 1326 2636 ex

164 2679 237 2743 aliis
260 2678 473 2765 scriptoribus
501 2679 538 2742 in
560 2677 715 2764 epistolas
743 2683 875 2764 recepta
897 2684 983 2742 sunt.
1030 2677 1127 2755 Quod
1149 2683 1326 2762 antequam

164 2782 388 2848 demonstrare
416 2783 590 2869 incipiam,
612 2782 726 2869 paucis
750 2804 950 2865 sermonem,
974 2803 1038 2868 quo
1062 2782 1177 2846 Cicero
1199 2781 1235 2843 in
1257 2780 1324 2865 epi·
1415 2808 1417 2816 2

164 2887 257 2951 stolis
279 2908 360 2950 usus
383 2892 443 2969 661,
467 2887 651 2952 describere
672 2886 764 2951 libet.

248 2990 297 3056 Ut
317 3012 384 3055 non
405 2989 494 3055 idem
518 3013 646 3078 semper
665 2990 755 3055 color
777 2995 828 3055 est
847 2991 1042 3072 orationum,
1066 2986 1125 3052 sed
1146 2986 1230 3050 alius
1250 2986 1330 3058 aliis,

162 3094 376 3182 temporibuS,
398 3094 434 3159 id
456 3095 546 3179 quod
561 3095 748 3183 nuperrime
765 3093 961 3159 Thielmann
984 3092 1037 3176 (de
1059 3114 1155 3156 serm.
1177 3090 1323 3177 proprie-

162 3199 304 3282 tatibus,
338 3221 422 3284 quae
450 3199 609 3286 leguntur
636 3220 687 3286 ap.
712 3197 835 3263 Cornif.
864 3205 898 3264 et
925 3199 962 3262 in
984 3197 1099 3284 primis
1128 3195 1196 3259 Cic.
1218 3194 1322 3258 libris.

162 3304 301 3369 Dissert.
330 3303 470 3389 Argent.
500 3304 613 3388 1879),
644 3301 819 3369 Hellmuth
850 3303 904 3386 (de
933 3323 1027 3366 serm.
1056 3298 1322 3388 proprietatibus

163 3430 246 3492 quae
275 3407 310 3471 in
339 3408 503 3495 prioribus
533 3407 599 3472 Cic.
629 3413 725 3473 oratt.
753 3407 980 3472 inveniuntur.
1024 3405 1111 3469 Acta
1139 3426 1219 3468 sem.
1241 3402 1321 3489 phil.

161 3512 297 3599 Erlang.
321 3513 347 3577 1.
370 3536 403 3600 p.
428 3514 607 3578 101-174.
636 3513 750 3596 1878),
771 3509 949 3597 Landgraf
972 3508 1025 3594 (de
1048 3509 1115 3574 Cic.
1138 3508 1323 3572 elocutione

160 3619 197 3683 in
219 3624 314 3682 oratt.
337 3641 369 3704 p.
389 3618 426 3681 P.
451 3617 582 3695 Quinct.
606 3623 640 3681 et
660 3641 693 3704 p.
711 3615 744 3681 S.
760 3616 859 3681 Rosc.
874 3615 950 3680 Am.
975 3614 1161 3701 conspicua.
1184 3613 1321 3678 Wuerz-

153 3721 248 3807 burg
272 3722 368 3804 1878)
391 3721 589 3786 docuerunt:
612 3721 660 3786 ita
675 3720 789 3785 Cicero
811 3719 847 3783 in
870 3718 1017 3806 epistolis
1038 3718 1131 3783 vario
1155 3715 1322 3782 scribendi

161 3848 281 3912 genere
310 3847 390 3890 usus
420 3833 486 3908 est,
521 3825 592 3890 sive
624 3824 666 3890 ad
694 3824 845 3889 homines
873 3823 1003 3887 litteras
1033 3822 1150 3905 dabat,
1181 3841 1321 3905 quorum

160 3951 283 4016 magna
305 3936 376 4012 erat
391 3930 427 3994 in
449 3929 634 4016 republica
654 3927 800 4015 gerenda
816 3927 1003 4010 auctoritas,
1027 3928 1176 4012 quicum
1199 3946 1236 3988 66
1253 3944 1321 3987 161

160 4035 329 4099 coniuncti
351 4040 445 4098 erant
465 4033 698 4116 familiaritate,
722 4033 792 4098 sive
815 4033 858 4098 ad
879 4053 951 4116 eos,
975 4053 1057 4118 quos
1080 4029 1245 4095 artissima
1266 4026 1320 4092 vel

159 4137 367 4224 cognationis
389 4138 444 4202 vel
467 4138 630 4202 amicitiae
645 4137 780 4202 vincula
802 4159 878 4201 cum
899 4158 937 4201 66
961 4135 1204 4201 consociabant
1243 4133 1320 4196 Non

159 4249 210 4311 est
231 4242 334 4329 igitur
355 4241 484 4326 mirum,
507 4241 536 4306 si
556 4241 592 4306 in
610 4241 664 4306 his
686 4242 834 4328 epistolis
855 4263 1013 4327 magnam
1026 4240 1264 4308 vocabulorum
1286 4244 1320 4302 et
